@Article{yangkang20142,
  author={Yangkang Chen and Sergey Fomel and Jingwei Hu},
  title ={Iterative deblending of simultaneous-source seismic data using seislet-domain shaping regularization},
  journal={Geophysics},
  year=2014,
  volume=79,
  issue=5,
  pages={V179-V189},
}



@Article{fomel2002pwd,
  author={Sergey Fomel},
  title={Application of plane-wave destruction filters},
  journal={Geophysics},
  year=2002,
  Volume=67,
  number=6,
  issue=6,
  pages={1946-1960},
}


@Article{fomel2010painting,
  author = 	 {S[] Fomel},
  title = 	 {Predictive painting of 3-{D} seismic volumes},
  journal = 	 {Geophysics},
  year = 	 2010,
  volume =	 75,
  number=4,
  issue=4,
  pages =	 {A25-A30},
}

@Article{liuyang2010,
  author = 	 {Yang Liu and Sergey Fomel and Guochang Liu},
  title = 	 {Nonlinear structure-enhancing filtering using plane-wave prediction},
  journal = 	 {Geophysical Prospecting},
  year = 	 2010,
  volume =	 58,
  pages =	 {415-427},
}

@Article{yangkang2015ortho,
  author={Yangkang Chen and Sergey Fomel},
  title = {Random noise attenuation using local signal-and-noise orthogonalization},
  journal={Geophysics},
  volume=80,
  year=2015,
  issue=6,
  number=6,
  pages={W{D}1-W{D}9},
}

@article{wu2017directional,
  title={Directional structure-tensor-based coherence to detect seismic faults and channels},
  author={Wu, Xinming},
  journal={Geophysics},
  volume={82},
  number={2},
  pages={A13--A17},
  year={2017},
  publisher={Society of Exploration Geophysicists}
}

@Article{orthon2021,
  author={Yangkang Chen and Sergey Fomel},
  title = {Non-stationary local signal-and-noise orthogonalization},
  journal={Geophysics},
  year=2020,
  pages={doi: 10.1190/geo2020-0151.1},
  doi={10.1190/geo2020-0151.1},
}
@Article{yangkang20142,
  author={Yangkang Chen and Sergey Fomel and Jingwei Hu},
  title ={Iterative deblending of simultaneous-source seismic data using seislet-domain shaping regularization},
  journal={Geophysics},
  year=2014,
  volume=79,
  issue=5,
  pages={V179-V189},
}

@article{Kevin2004,
author = {Kevin Wolf and Daniel Rosales and Antoine Guitton and Jon Claerbout},
title = {Robust moveout without velocity picking},
journal = {74th Annual International Meeting, SEG, Expanded Abstracts},
pages = {2423-2426},
year = {2005},
doi = {10.1190/1.1845230},}

@article{Sergey2007,
author = {Sergey Fomel},
title = {Velocity-independent time-domain seismic imaging using local event slopes},
journal = {Geophysics},
volume = {72},
number = {3},
issue = {3},
pages = {S139-S147},
year = {2007},
doi = {10.1190/1.2714047},}

@article{Matthew2020,
author = {Matthew P. Griffiths and André J.-M. Pugin and Dariush Motazedian},
title = {Estimating local slope in the time-frequency domain: Velocity-independent seismic imaging in the near surface},
journal = {Geophysics},
volume = {85},
number = {5},
issue = {5},
pages = {U99-U107},
year = {2020},
doi = {10.1190/geo2019-0753.1},}

@article{2010Nonlinear,
  title={Nonlinear structure-enhancing filtering using plane-wave prediction},
  author={Liu, Yang  and  Fomel, Sergey  and  Liu, Guochang },
  journal={Geophysical Prospecting},
  volume={58},
  number={3},
  issue = {3},
  pages={415-427},
  year={2010},
}

@article{2020Deblending,
  title={Deblending of simultaneous-source data using a structure-oriented space-varying median filter},
  author={Yangkang  Chen  and  Shaohuan  Zu  and  Yufeng  Wang  and  Xiaohong  Chen },
  journal={Geophysical Journal International},
  volume={222},
  number={3},
  issue = {3},
  pages={1805-1823},
  year={2020},
  doi={10.1093/gji/ggy487},
}

@article{Mohammad2015,
author = {Mohammad Javad Khoshnavaz and Kit Chambers and Andrej Bóna and Milovan Urosevic},
title = {Passive seismic localization without velocity model: application and uncertainty analysis},
journal = {85th Annual International Meeting, SEG, Expanded Abstracts},
pages = {2467-2472},
year = {2015},
doi = {10.1190/segam2015-5915362.1},}

@article{Khoshnavaz2017,
author = {M. Javad Khoshnavaz and Kit Chambers and Andrej Bóna and Milovan Urosevic},
title = {Oriented surface passive seismic location using local slopes},
journal = {Geophysics},
volume = {82},
number = {2},
issue = {2},
pages = {KS13-KS25},
year = {2017},
doi = {10.1190/geo2016-0017.1},}

@article{Sergey2007,
author = {Sergey Fomel},
title = {Shaping regularization in geophysical-estimation problems},
journal = {Geophysics},
volume = {72},
number = {2},
issue = {2},
pages = {R29-R36},
year = {2007},
doi = {10.1190/1.2433716},}

@article{Zhiguang2016,
author = {Zhiguang Xue and Yangkang Chen and Sergey Fomel and Junzhe Sun},
title = {Seismic imaging of incomplete data and simultaneous-source data using least-squares reverse time migration with shaping regularization},
journal = {Geophysics},
volume = {81},
number = {1},
issue = {1},
pages = {S11-S20},
year = {2016},
doi = {10.1190/geo2014-0524.1},}

@article{Ottolini1983,
title = {Signal/noise separation in dip space},
author = {Ottolini, R},
journal={SEP report},
volume = {37},
pages={143-149},
year={1983},
}

@article{Schleicher2008,
author = {J. Schleicher and J. C. Costa and L. T. Santos and A. Novais and M. Tygel},
title = {On the estimation of local slopes},
journal = {78th Annual International Meeting, SEG, Expanded Abstracts},
pages = {2998-3002},
year = {2008},
doi = {10.1190/1.3063968},}

@article{Santos2009,
author = {L. T. Santos and J. Schleicher and J. C. Costa and A. Novais},
title = {Fast estimation of CRS parameters using local slopes},
journal = {79th Annual International Meeting, SEG, Expanded Abstracts},
pages = {3735-3739},
year = {2009},
doi = {10.1190/1.3255645},}

@article{Kurt2006,
author = {Kurt J. Marfurt},
title = {Robust estimates of 3D reflector dip and azimuth},
journal = {Geophysics},
volume = {71},
number = {4},
issue = {4},
pages = {P29-P40},
year = {2006},
doi = {10.1190/1.2213049},}

@book{1991Earth,
  title={Earth soundings analysis: processing versus inversion},
  author={ Claerbout, J. F. },
  publisher={Oxford, U.K.: Blackwell Scientific},
  year={1991},
}

@article{1999Two,
  title={Two-Dimensional Textures and Prediction-Error Filters},
  author={ Claerbout, J.  and  Brown, M. },
  journal={61st Annual International Meeting, EAGE, Expanded Abstracts},
  pages={10.3997/2214-4609.201407606},
  year={1999},
  doi={10.3997/2214-4609.201407606},
}

@article{1995Estimators,
  title={Estimators for Orientation and Anisotropy in Digitized Images},
  author={ Van Vliet, L. J  and  Verbeek, P. W },
  journal={Proceedings of the First Annual Conference of the Advanced School for Computing and Imaging},
  pages={442–450},
  year={1995},
  doi={},
}

@article{1997A,
  title={A Review of Nonlinear Diffusion Filtering},
  author={ Weickert, Joachim },
  journal={Lecture Notes in Computer science},
  pages={10.1007/3-540-63167-4-37},
  year={1997},
  doi={10.1007/3-540-63167-4-37},
}

@article{Fehmers2003Fast,
author = {Gijs C. Fehmers and Christian F. W. Höcker},
title = {Fast structural interpretation with structure‐oriented filtering},
journal = {Geophysics},
volume = {68},
number = {4},
issue = {4},
pages = {1286-1293},
year = {2003},
doi = {10.1190/1.1598121},}

@article{image2002,
author={Bakker, P.},
title={Image structure analysis for seismic interpretation},
journal={Ph.D. thesis, Delft University of Technology},
year={2002},}

@article{1991Computing,
  title={Computing oriented texture fields},
  author={ Rao, Alevoorravishankar  and  Schunck, Brian G },
  journal={ Graphical Models \& Image Processing},
  volume={53},
  number={2},
  issue = {2},
  pages={61-68},
  year={1991},
  doi={10.1016/1049-9652(91)90059-S},
}

@article{1986Analyzing,
  title={Analyzing oriented patterns},
  author={ Kass, Michael  and  Witkin, Andrew },
  journal={Computer Vision Graphics and Image Processing},
  volume={37},
  number={3},
  issue = {3},
  pages={362-385},
  year={1986},
  doi={10.1016/0734-189X(87)90043-0},
}

@article{webmaster1992Adaptive,
  title={Adaptive multidimensional filtering},
  author={Webmaster},
  journal={Ph.D. thesis, Linköping University Sweden},
  year={1992},
}

@article{2009Representing,
  title={Representing Local Structure Using Tensors},
  author={ Knutsson, Hans },
  journal={Computer Vision Laboratory Linkoping University},
  volume={6688},
  number={1},
  issue = {1},
  pages={545-556},
  year={2009},
  doi={10.1007/978-3-642-21227-7_51},
}

@article{2006An,
  title={An Improved Representation of Junctions Through Asymmetric Tensor Diffusion},
  author={ Arseneau, Shawn  and  Cooperstock, Jeremy R. },
  journal={Advances in Visual Computing, Second International Symposium},
  pages={363-372},
  year={2006},
  doi={10.1007/11919476_3},
}

@book{2009A,
  title={A Higher-Order Structure Tensor},
  author={ Schultz, Thomas  and  Weickert, Joachim  and  Seidel, Hans Peter },
  booktitle={Mathematics and Visualization},
  pages={263-279},
  year={2009},
  publisher={Springer, Berlin, Heidelberg},
  doi={10.1007/978-3-540-88378-4_13},
}

@book{2007Representing,
  title={Representing Pairs of Orientations in the Plane},
  author={ Herberthson, Magnus  and  Brun, Anders  and  Knutsson, Hans },
  booktitle={ Image Analysis},
  publisher={Springer Berlin Heidelberg},
  pages={661-670},
  year={2007},
  doi={10.1007/978-3-540-73040-8_67},
}

@article{2013Extended,
  title={Extended structure tensors for multiple directionality estimation},
  author={ Andersson, Fredrik  and  Duchkov, Anton A. },
  journal={Geophysical Prospecting},
  volume={61},
  number={6},
    issue = {6},
  pages={1135-1149},
  year={2013},
  doi={10.1111/1365-2478.12067},
}
 
@article{greer2018matching,
  title={Matching and merging high-resolution and legacy seismic images},
  author={Greer, Sarah and Fomel, Sergey},
  journal={Geophysics},
  volume={83},
  number=2,
  issue=2,
  pages={V115--V122},
  year={2018},
  publisher={Society of Exploration Geophysicists}
}

@Article{fomel2007shape,
  author={Sergey Fomel},
  title={Shaping regularization in geophysical-estimation problems},
  journal={Geophysics},
  year=2007,
  Volume=72,
  issue=2,
  number=2,
  pages={R29-R36},
}

@article{2015Compression,
  title={Compression of local slant stacks by the estimation of multiple local slopes and the matching pursuit decomposition},
  author={ Hao Hu and Yike Liu and Are Osen and Yingcai Zheng},
  journal={Geophysics},
  volume={80},
  number={6},
    issue = {6},
  pages={WD163-WD175},
  year={2015},
  doi={10.1190/geo2014-0595.1},
}

@article{pwd,
  title={Applications of plane-wave destruction filters},
  author={Sergey Fomel},
  journal={Geophysics},
    volume={67},
  number={6},
    issue = {6},
  pages={1946-1960},
  year={2002},
  doi={10.1190/1.1527095},
}

@article{1971Recursive,
  title={Recursive digital filters with maximally flat group delay},
  author={ Thiran, J. P. },
  journal={Circuit Theory IEEE Transactions on},
  volume={18},
  pages={659-664},
  year={1971},
  doi={10.1109/TCT.1971.1083363},
}

@article{dave2007,
author = {Dave Hale},
title = {Local dip filtering with directional Laplacians},
journal = {CWP Report},
pages = {1-12},
year = {2007},
doi = {http://inside.mines.edu/fs_home/dhale/papers/Hale07LocalDipFiltering.pdf},}

@article{2013Accelerated,
  title={Accelerated plane-wave destruction},
  author={ Chen, Zhonghuan  and  Fomel, Sergey  and  Lu, Wenkai },
  journal={Geophysics},
  volume={78},
  number={1},
   issue = {1},
  pages={V1-V9},
  year={2013},
  doi={10.1190/geo2012-0142.1},
}

@article{2013Omnidirectional,
  title={Omnidirectional plane-wave destruction},
  author={ Chen, Zhonghuan  and  Fomel, Sergey  and  Lu, Wenkai },
  journal={Geophysics},
  volume={78},
  number={5},
   issue = {5},
  pages={V171-V179},
  year={2013},
  doi={10.1190/GEO2012-0467.1},
}

@article{Robust2020,
  author={H. {Wang} and G. {Huang} and Y. {Chen}},
  journal={IEEE Transactions on Geoscience and Remote Sensing}, 
  title={Robust Nonstationary Local Slope Estimation}, 
  year={2020},
  volume={58},
  number={},
  pages={1-9},
  doi={10.1109/TGRS.2020.3021375},}
  
 @article{2010Local,
  title={Local complex‐valued correlation of seismic phases},
  author={ Browaeys, Thomas J },
  journal={80th Annual International Meeting, SEG, Expanded Abstracts},
  pages={1423-1427},
  year={2010},
}

@article{2013Consistent,
  title={Consistent dip estimation for seismic imaging},
  author={ Aarre, Victor },
  number = {8463551},
  journal={Schlumberger Technology Corporation: US},
  pages={US8463551},
  year={2013},
   doi= {https://www.freepatentsonline.com/8463551.html},
}

@article{1998Marfurt3,
  title={3-D seismic attributes using a semblance-based coherency algorithm},
  author={ Marfurt, Kurt J.  and  Kirlin, R. Lynn  and  Farmer, Steven L.  and  Bahorich, Michael S. },
  journal={Geophysics},
  volume={63},
  number={4},
  issue={4},
  pages={1150-1165},
  year={1998},
  doi={10.1190/1.1444415},
}

@article{2019Accurate,
  title={Accurate seismic dip and azimuth estimation using semblance dip guided structure-tensor analysis},
  author={ Lou, Yihuai  and  Zhang, Bo  and  Lin, Tengfei  and  Liu, Naihao  and  Cao, Danping },
  journal={Geophysics},
  volume={84},
  number={5},
    issue={5},
  pages={O103–O112},
  year={2019},
}

@Article{wanghang2020tgrs2,
  author={Hang Wang and Guangtan Huang and Yangkang Chen},
  title = {Robust non-stationary local slope estimation},
  journal={IEEE Transactions on Geoscience and Remote Sensing},
  year=2020,
  pages={doi: 10.1109/TGRS.2020.3021375},
  doi={10.1109/TGRS.2020.3021375},
}

@Article{qushan2019geo,
  author={S[] Qu and E[] Verschuur and Yangkang Chen},
  title = {{FWI}/{JMI} with an automatic directional total variation constraint},
  journal={Geophysics},
  year=2019,
  volume=84,
  issue=2,
  number=2,
  pages={R175-R183},
  doi={10.1190/GEO2018-0085.1},
}
@Article{guangtan2020tgrs1,
  author={Guangtan Huang and Xiaohong Chen and Cong Luo and Yangkang Chen},
  title = {Geological structure guided initial model building for prestack AVO/AVA inversion},
  journal={IEEE Transactions on Geoscience and Remote Sensing},
  year=2020,
  volume=58,
  pages={doi: 10.1109/TGRS.2020.2998044},
  doi={10.1109/TGRS.2020.2998044},
}

@article{2015Seismicdip,
  title={Seismic dip estimation based on the two-dimensional Hilbert transform and its application in random noise attenuation},
  author={ Liu, Cai  and  Chen, Chang Le  and  Wang, Dian  and  Liu, Yang  and  Wang, Shi Yu  and  Zhang, Liang },
  journal={Applied Geophysics},
  volume={12},
  number={1},
  issue={1},
  pages={55-63},
  year={2015},
  doi={10.1007/s11770-014-0474-4},
}

@article{Haibin2017,
author = {Haibin Di and Ghassan Al Regib},
title = {A new method for dip estimation based on seismic waveform curvature/flexure analysis},
journal = {SEG Technical Program Expanded Abstracts 2017},
pages = {2260-2264},
year = {2017},
doi = {10.1190/segam2017-17748621.1},}




