@Article{yangkang20142,
  author={Yangkang Chen and Sergey Fomel and Jingwei Hu},
  title ={Iterative deblending of simultaneous-source seismic data using seislet-domain shaping regularization},
  journal={Geophysics},
  year=2014,
  volume=79,
  issue=5,
  pages={V179-V189},
}



@Article{elad2006,
  author = 	 {M[] Elad and M[] Aharon},
  title = 	 {Image denoising via sparse and redundant representations over learned dictionaries},
  journal = 	 {IEEE Transactions on Image Processing},
  year = 	 2006,
  volume = 	 15,
  number = 	 12,
  pages = 	 {3736-3745}}
  
@Article{zhangdong2020ortho,
  author={Dong Zhang and E[] Verschuur and Shan Qu and Yangkang Chen},
  title = {Surface-related multiple leakage extraction using local primary-and-multiple orthogonalization},
  journal={Geophysics},
  year=2020,
  volume=85,
  issue=1,
  number=1,
  pages={V81â€“V97},
  doi={10.1190/GEO2019-0465.1},
}

@article{wang2018hankel,
  title={Hankel Low-Rank Approximation for Seismic Noise Attenuation},
  author={Wang, Chong and Zhu, Zhihui and Gu, Hanming and Wu, Xinming and Liu, Shuaiqi},
  journal={IEEE Transactions on Geoscience and Remote Sensing},
  number={99},
  pages={1--13},
  year={2018},
  publisher={IEEE}
}


@article{amir2017ieee,
  title={Seismic Random Noise Attenuation Using Synchrosqueezed Wavelet Transform and Low-Rank Signal Matrix Approximation},
  author={Anvari, Rasoul and Siahsar, Mohammad Amir Nazari and Gholtashi, Saman and Kahoo, Amin Roshandel and Mohammadi, Mokhtar},
  journal={IEEE Transactions on Geoscience and Remote Sensing},
  year={2017},
  volume=55,
  issue=11,
  number=11,
  publisher={IEEE},
  pages={6574-6581}
}

@Article{jianwei20093,
  author={J[] Ma and F[]-X L[] Dimet},
  title={Deblurring from highly incomplete measurements for remote sensing},
  journal={IEEE Transactions on Geoscience and Remote Sensing},
  year=2009,
  Volume=47,
  issue=3,
  pages={792-802},
}

@article{anderson1989automatic,
  title={AUTOMATIC EDITING OF NOISY SEISMIC DATA 1},
  author={Anderson, Richard G and McMechan, George A},
  journal={Geophysical Prospecting},
  volume={37},
  number={8},
  pages={875--892},
  year={1989},
  publisher={Wiley Online Library}
}

@incollection{schonewille2008swell,
  title={Swell-noise attenuation using an iterative FX prediction filtering approach},
  author={Schonewille, Michel and Vigner, Alan and Ryder, Alan},
  booktitle={SEG Technical Program Expanded Abstracts 2008},
  pages={2647--2651},
  year={2008},
  publisher={Society of Exploration Geophysicists}
}


@incollection{trickett2012robust,
  title={Robust rank-reduction filtering for erratic noise},
  author={Trickett, Stewart and Burroughs, Lynn and Milton, Andrew},
  booktitle={SEG Technical Program Expanded Abstracts 2012},
  pages={1--5},
  year={2012},
  publisher={Society of Exploration Geophysicists}
}


@Article{curveletieee2016,
  author={Tong Qiao and J[] Ren and Z[] Wang and J[] Zabalza and M[] Sun and H[] Zhao and S[] Li and J[] A[] Benediktsson and Q[] Dai},
  title={Effective Denoising and Classification of Hyperspectral Images Using Curvelet Transform and Singular Spectrum Analysis},
  journal={IEEE Transactions on Geoscience and Remote Sensing},
  year=2016,
  Volume=99,
  pages={10.1109/TGRS.2016.2598065},
}

@Article{protter2009,
  author = 	 {M[] Protter and M[] Elad},
  title = 	 {Image sequence denoising via sparse and redundant representations},
  journal = 	 {IEEE Transaction on Image Processing},
  year = 	 2009,
  volume = 	 18,
  number = 	 1,
  pages = 	 {27-35}}
  
@article{yanhui2016,
  author =	 {Yanhui Zhou and Jinghuai Gao and Wenchao Chen and Pascal Frossard},
  title =	 {Seismic Simultaneous Source Separation via Patchwise Sparse Representation},
  year =	 2016,
  journal =	 {IEEE Transactions on Geoscience and Remote Sensing},
  volume =	 54,
  number=9,
  pages =	 {5271-5284},
}
@article{chen1995,
  author =	 {J[] Chen and J[] Cihlar},
  title =	 {Quantifying the effect of canopy architecture on optical measurements of leaf area index using two gap size analysis methods},
  year =	 1995,
  journal =	 {IEEE Transactions on Geoscience and Remote Sensing},
  volume =	 33,
  number=3,
  pages =	 {777-787},
}


@article{yanan2014,
  author =	 {Y[] Tian and Yue Li and Baojun Yang},
  title =	 {Variable-Eccentricity Hyperbolic-Trace {TFPF} for Seismic Random Noise Attenuation},
  year =	 2014,
  journal =	 {IEEE Transactions on Geoscience and Remote Sensing},
  volume =	 52,
  pages =	 {6449-6458},
}

@article{wangchong2018,
  title={Hankel low-rank approximation for seismic noise attenuation},
  author={Wang, Chong and Zhu, Zhihui and Gu, Hanming and Wu, Xinming and Liu, Shuaiqi},
  journal={IEEE Transactions on Geoscience and Remote Sensing},
  number={99},
  pages={1--13},
  year={2018},
  publisher={IEEE}
}

@Article{sanyi2018,
  author={Sanyi Yuan and Shangxu Wang and Chunmei Luo and Tieyi Wang},
  title = {Inversion-Based 3-D Seismic Denoising for Exploring Spatial Edges and Spatio-Temporal Signal Redundancy},
  journal={IEEE Geoscience and Remote Sensing Letters},
  volume={11},
  year=2018,
  pages={10.1109/LGRS.2018.2854929},
}

@article{wang2018hankel,
  title={Hankel low-rank approximation for seismic noise attenuation},
  author={Wang, Chong and Zhu, Zhihui and Gu, Hanming and Wu, Xinming and Liu, Shuaiqi},
  journal={IEEE Transactions on Geoscience and Remote Sensing},
  number={99},
  pages={1--13},
  year={2018},
  publisher={IEEE}
}

@Article{guochang2012,
  author={Guochang Liu and Xiaohong Chen and Jing Du and Kailong Wu},
  title ={Random noise attenuation using \emph{f-x} regularized nonstationary autoregression},
  journal={Geophysics},
  volume=77,
  year=2012,
  issue=2,
  number=2,
  pages={V61-V69},
}

@Article{fomel2002pwd,
  author={Sergey Fomel},
  title={Application of plane-wave destruction filters},
  journal={Geophysics},
  year=2002,
  Volume=67,
  number=6,
  issue=6,
  pages={1946-1960},
}


@Article{mostafa2016geo,
  author={S[] Mostafa Mousavi and Charles A[] Langston and Stephen P[] Horton},
  title={Automatic microseismic denoising and onset detection using the synchrosqueezed continuous wavelet transform},
  journal={Geophysics},
  year=2016,
  volume=81,
  number=4,
  issue=4,
  pages={V341-V355},
}

@Article{mostafa2016bssa,
  author={S[] Mostafa Mousavi and Charles A[] Langston},
  title={Hybrid Seismic Denoising Using Higher-Order Statistics and Improved Wavelet Block Thresholding},
  journal={Bulletin of the Seismological Society of America},
  year=2016,
  volume=106,
  number=4,
  issue=4,
  pages={1380-1393},
}



@Article{mostafa2017geo,
  author={S[] Mostafa Mousavi and Charles A[] Langston},
  title={Automatic noise-removal/signal-removal based on general cross-validation thresholding in synchrosqueezed domain and its application on earthquake data},
  journal={Geophysics},
  year=2017,
  volume=82,
  number=4,
  issue=4,
  pages={V211-V227},
}
@article{mousavi2016adaptive,
  title={Adaptive noise estimation and suppression for improving microseismic event detection},
  author={Mousavi, S Mostafa and Langston, Charles A},
  journal={Journal of Applied Geophysics},
  volume={132},
  pages={116--124},
  year={2016},
  publisher={Elsevier}
}

@article{zhu2019seismic,
  title={Seismic signal denoising and decomposition using deep neural networks},
  author={Zhu, Weiqiang and Mousavi, S Mostafa and Beroza, Gregory C},
  journal={IEEE Transactions on Geoscience and Remote Sensing},
  volume={57},
  number={11},
  pages={9476--9488},
  year={2019},
  publisher={IEEE}
}

@Article{mostafa2016,
  author={S[] Mostafa Mousavi and Stephen P[] Horton and Charles A[] Langston and Borhan Samei},
  title={ Seismic features and automatic discrimination of deep and shallow induced-microearthquakes using neural network and logistic regression},
  journal = 	 {Geophysical Journal International},
  year = 	 2016,
  volume =	 207,
  pages =	 {29-46},
}



@Article{mostafa2016jag,
  author={S[] Mostafa Mousavi and Charles A[] Langston},
  title={Adaptive noise estimation and suppression for improving microseismic event detection},
  journal={Journal of Applied Geophysics},
  year=2016,
  volume=132,
  pages={116-124},
}


@article{xiaolei2012,
  author =	 {Xiaolei Zou and Yuan Ma and Zhengkun Qin},
  title =	 {Fengyun-3B MicroWave Humidity Sounder (MWHS) Data Noise Characterization and Filtering Using Principle Component Analysis},
  year =	 2012,
  journal =	 {IEEE Transactions on Geoscience and Remote Sensing},
  volume =	 50,
  number=12,
  pages =	 {4892 - 4902},
}

@article{yanan2014,
  author =	 {Y[] Tian and Yue Li and Baojun Yang},
  title =	 {Variable-Eccentricity Hyperbolic-Trace {TFPF} for Seismic Random Noise Attenuation},
  year =	 2014,
  journal =	 {IEEE Transactions on Geoscience and Remote Sensing},
  volume =	 52,
  pages =	 {6449-6458},
}

@article{lorenzi2016,
  author =	 {L[] Lorenzi and F[] Melgani and G[] Mercier},
  title =	 {Missing-area reconstruction in multispectral images under a compressive sensing perspective},
  year =	 2016,
  journal =	 {IEEE Transactions on Geoscience and Remote Sensing},
  volume =	 51,
  number=7,
  pages =	 {3998-4008},
}


@article{idier2016,
  author =	 {J[] Idier and Y[] Goussard},
  title =	 {Multichannel seismic deconvolution},
  year =	 2016,
  journal =	 {IEEE Transactions on Geoscience and Remote Sensing},
  volume =	 31,
  number=5,
  pages =	 {961-979},
}

@article{kazemi2016,
  author =	 {N[] Kazemi and E[] Bongajum and M[] D[] Sacchi},
  title =	 {Surface-consistent sparse multichannel blind deconvolution of seismic signals},
  year =	 2016,
  journal =	 {IEEE Transactions on Geoscience and Remote Sensing},
  volume =	 54,
  number=6,
  pages =	 {3200-3207},
}

@article{huang2016,
  author =	 {Z[] Huang and J[] Zhang and T[] Zhao and Y[] Sun},
  title =	 {Synchrosqueezing s-transform and its application in seismic spectral decomposition},
  year =	 2016,
  journal =	 {IEEE Transactions on Geoscience and Remote Sensing},
  volume =	 54,
  number=2,
  pages =	 {817-825},
}

@article{gao2016,
  author =	 {Z[] Gao and Z[] Pan and J[] Gao},
  title =	 {Multimutation differential evolution algorithm and its application to seismic inversion},
  year =	 2016,
  journal =	 {IEEE Transactions on Geoscience and Remote Sensing},
  volume =	 54,
  number=6,
  pages =	 {3626-3636},
}









@Article{zhaoqiang2018,
  author={Qiang Zhao and Qizhen Du and Xufei Gong and Yangkang Chen},
  title = {Signal-preserving erratic noise attenuation via iterative robust sparsity-promoting filter},
  journal={IEEE Transactions on Geoscience and Remote Sensing},
  year=2018,
  volume=56,
  number=6,
  issue=6,
  pages={1558-0644},
}


@Article{yangkang2017ieee,
  author={Yangkang Chen and Yatong Zhou and Wei Chen and Shaohuan Zu and Weilin Huang and Dong Zhang},
  title = {Empirical low rank decomposition for seismic noise attenuation},
  journal={IEEE Transactions on Geoscience and Remote Sensing},
  year=2017,
  volume=55,
  number=8,
  issue=8,
  pages={4696-4711},
}


@article{Oh2007,
  title={The role of pseudo data for robust smoothing with application to wavelet regression},
  author={Oh, Hee-Seok and Nychka, Douglas W and Lee, Thomas},
  journal={Biometrika},
  volume={94},
  number={4},
  pages={893--904},
  year={2007},
  publisher={Oxford University Press}
}





@article{li2018multidimensional,
  title={Multidimensional Seismic Data Reconstruction Using Frequency-Domain Adaptive Prediction-Error Filter},
  author={Li, Chao and Liu, Guochang and Hao, Zhenjiang and Zu, Shaohuan and Mi, Fang and Chen, Xiaohong},
  journal={IEEE Transactions on Geoscience and Remote Sensing},
  volume={56},
  number={4},
  pages={2328--2336},
  year={2018},
  publisher={IEEE}
}

@article{guochang2018weighted,
  title={Weighted Multisteps Adaptive Autoregression for Seismic Image Denoising},
  author={Liu, Guochang and Liu, Yang and Li, Chao and Chen, Xiaohong},
  journal={IEEE Geoscience and Remote Sensing Letters},
  volume={15},
  number={9},
  pages={1342--1346},
  year={2018},
  publisher={IEEE}
}

@article{jingjie2015jse,
  title={3{D} seismic interpolation with a low redundancy, fast curvelet transform},
  author={Cao, Jingjie and Zhao, Jingtao},
  journal={Journal of Seismic Exploration},
  volume={24},
  number={2},
  pages={121--134},
  year={2015},
  publisher={GEOPHYSICAL PRESS 14 RUE DU PRADO, 34170 CASTELNAU-LE-LEZ, FRANCE}
}

@inproceedings{ying20053d,
  title={3D discrete curvelet transform},
  author={Ying, Lexing and Demanet, Laurent and Candes, Emmanuel},
  booktitle={Wavelets XI},
  volume={5914},
  pages={591413},
  year={2005},
  organization={International Society for Optics and Photonics}
}


@Article{fomel2007localattr,
  author={Sergey Fomel},
  title={Local seismic attributes},
  journal={Geophysics},
  year=2007,
  Volume=72,
  issue=3,
  number=3,
  pages={A29-A33},
}

@Article{mediandeblend,
  author={Shoudong Huo and Yi Luo and Panos G[] Kelamis},
  title={Simultaneous sources separation via multidirectional vector-median filtering},
  journal = 	 {Geophysics},
  year = 	 2012,
  volume =	 77,
  number=4,
  issue=4,
  pages =	 {V123-V131},
}

@article{wong2017matrix,
  title={Matrix completion with noisy entries and outliers},
  author={Wong, Raymond KW and Lee, Thomas CM},
  journal={The Journal of Machine Learning Research},
  volume={18},
  number={1},
  pages={5404--5428},
  year={2017},
  publisher={JMLR. org}
}

@Article{shuwei2016,
  author={S[] Gan and Shoudong Wang and Yangkang Chen and Xiaohong Chen and Kui Xiang},
  title = {Separation of simultaneous sources using a structural-oriented median filter in the flattened dimension},
  journal={Computers \& Geosciences},
  year=2016,
  volume=86,
  pages={46-54},
}

@Article{yangkang2015svmf,
  author={Y[] Chen},
  title = {Deblending using a space-varying median filter},
  journal={Exploration Geophysics},
  year=2015,
  volume=46,
  pages={332-341},
}


@article{beaton1974fitting,
  title={The fitting of power series, meaning polynomials, illustrated on band-spectroscopic data},
  author={Beaton, Albert E and Tukey, John W},
  journal={Technometrics},
  volume={16},
  number={2},
  pages={147--185},
  year={1974},
  publisher={Taylor \& Francis Group}
}
@article{huber1964robust,
  title={Robust estimation of a location parameter},
  author={Huber, Peter J and others},
  journal={The annals of mathematical statistics},
  volume={35},
  number={1},
  pages={73--101},
  year={1964},
  publisher={Institute of Mathematical Statistics}
}

@article{candes20061,
  title={Fast discrete curvelet transforms},
  author={Candes, Emmanuel and Demanet, Laurent and Donoho, David and Ying, Lexing},
  journal={Multiscale Modeling \& Simulation},
  volume={5},
  number={3},
  pages={861--899},
  year={2006},
  publisher={SIAM}
}

@Article{zhaoqiang2018,
  author={Qiang Zhao and Qizhen Du and Xufei Gong and Yangkang Chen},
  title = {Signal-preserving erratic noise attenuation via iterative robust sparsity-promoting filter},
  journal={IEEE Transactions on Geoscience and Remote Sensing},
  year=2018,
  volume=56,
  number=6,
  issue=6,
  pages={1558-0644},
}

@Article{yaru20172,
  author={Yaru Xue and Meixi Man and Shaohuan Zu and Fanglan Chang and Yangkang Chen},
  title = {Amplitude-preserving iterative deblending of simultaneous source seismic data using high-order Radon transform},
  journal={Journal of Applied Geophysics},
  year=2017,
  volume=139,
  pages={79-90},
}



@article{candes2011robust,
  title={Robust principal component analysis?},
  author={Cand{\`e}s, Emmanuel J and Li, Xiaodong and Ma, Yi and Wright, John},
  journal={Journal of the ACM (JACM)},
  volume={58},
  number={3},
  pages={11},
  year={2011},
  publisher={ACM}
}

@article{chen2014robust,
  title={Robust reduced-rank filtering for erratic seismic noise attenuation},
  author={Chen, Ke and Sacchi, Mauricio D},
  journal={Geophysics},
  volume={80},
  number={1},
  pages={V1--V11},
  year={2014},
  publisher={Society of Exploration Geophysicists}
}

@Article{yangkang2015ortho,
  author={Yangkang Chen and Sergey Fomel},
  title = {Random noise attenuation using local signal-and-noise orthogonalization},
  journal={Geophysics},
  volume=80,
  year=2015,
  issue=6,
  pages={W{D}1-W{D}9},
}

@Article{yangkang2017sgk,
  author={Yangkang Chen},
  title = {Fast dictionary learning for noise attenuation of multidimensional seismic data},
  journal={Geophysical Journal International},
  year=2017,
  volume=209,
  issue=1,
  pages={21-31},
}

@Article{cadzow1988,
  author={J[] A[] Cadzow},
  title ={Signal enhancement - a composite property mapping algorithm},
  journal={IEEE Transactions on Acoustics, Speech, and Signal Processing},
  year=1988,
  Volume=1,
  pages={49-62},
}


@Article{yangkang2016irr5d,
  author={Yangkang Chen and Dong Zhang and Zhaoyu Jin and Xiaohong Chen and Shaohuan Zu and Weilin Huang and Shuwei Gan},
  title = {Simultaneous denoising and reconstruction of 5{D} seismic data via damped rank-reduction method},
  journal={Geophysical Journal International},
  year=2016,
  volume=206,
  issue=3,
  pages={1695-1717},
}

@article{abma1995,
  author =	 {R[] Abma and J[] Claerbout},
  title =	 {Lateral prediction for noise attenuation by $t-x$ and $f-x$ techniques},
  year =	 1995,
  journal =	 {Geophysics},
  volume =	 60,
  pages =	 {1887-1896},
}
@Article{canales1984,
  author = 	 {L[] Canales},
  title = 	 {Random noise reduction},
  journal = 	 {54th Annual International Meeting, SEG, Expanded Abstracts},
  year = 	 1984,
  pages =	 {525-527}
}

@Article{liuyang20091,
  author = 	 {Y[] Liu and Sergey Fomel and Cai Liu and Dian Wang and Guochang Liu and Xuan Feng},
  title = 	 {High-order seislet transform and its application of random noise attenuation},
  journal = 	 {Chinese Journal of Geophysics},
  year = 	 2009,
  volume =	 52,
  pages =	 {2142-2151},
}

@Article{liuyang2009tvmf,
  author = 	 {Y[] Liu and Cai Liu and Dian Wang},
  title = 	 {A 1D time-varying median filter for seismic random, spike-like noise elimination},
  journal = 	 {Geophysics},
  year = 	 2009,
  volume =	 74,
  pages =	 {V17-V24},
}

@Article{liuyang2010,
  author = 	 {Yang Liu and Sergey Fomel and Guochang Liu},
  title = 	 {Nonlinear structure-enhancing filtering using plane-wave prediction},
  journal = 	 {Geophysical Prospecting},
  year = 	 2010,
  volume =	 58,
  pages =	 {415-427},
}




  
  
@article{holland1977robust,
  title={Robust regression using iteratively reweighted least-squares},
  author={Holland, Paul W and Welsch, Roy E},
  journal={Communications in Statistics-theory and Methods},
  volume={6},
  number={9},
  pages={813--827},
  year={1977},
  publisher={Taylor \& Francis}
}
@ARTICLE{sanyi2012,
  author = {Sanyi Yuan and Shangxu Wang and Guofa Li},
  title = {Random noise reduction using Bayesian inversion},
  journal = {Journal of Geophysics and Engineering},
  year = {2012},
  volume = {9},
  publisher = {IOP Publishing},
  pages = {60-68}
}



@Article{shebao2015,
  author={Shebao Jiao and Yangkang Chen and Min Bai and Wencheng Yang and Erying Wang and Shuwei Gan},
  title = {Ground rolls attenuation using non-stationary matching filtering},
  journal={Journal of Geophysics and Engineering},
  volume=12,
  year=2015,
  pages={922-933},
}



@Article{zhangchao2015,
 author =  {  C[] Zhang and Y[] Li and H[] Lin and B[] Yang},
 title =   {Signal preserving and seismic random noise attenuation by Hurst exponent based timeâ€“frequency peak filtering},
 journal = { Geophysical Journal International },
 year =    { 2015 },
 volume =  { 203 },
 issue=2,
 pages =   { 901-909 }
}

@article{ssa,
  title={Singular-spectrum analysis: A toolkit for short, noisy chaotic signals},
  author={Vautard, Robert and Yiou, Pascal and Ghil, Michael},
  journal={Physica D: Nonlinear Phenomena},
  volume={58},
  number={1-4},
  pages={95--126},
  year={1992},
  publisher={Elsevier}
}
@article{beylkin1987discrete,
  title={Discrete radon transform},
  author={Beylkin, Gregory},
  journal={IEEE transactions on acoustics, speech, and signal processing},
  volume={35},
  number={2},
  pages={162--172},
  year={1987},
  publisher={IEEE}
}
@article{chen2017robust,
  title={Robust f-x projection filtering for simultaneous random and erratic seismic noise attenuation},
  author={Chen, Ke and Sacchi, Mauricio D},
  journal={Geophysical Prospecting},
  volume={65},
  number={3},
  pages={650--668},
  year={2017},
  publisher={European Association of Geoscientists \& Engineers}
}


@Article{yanhong2009,
  author={Yanhong Lu and Wenkai Lu},
  title ={ Edge-preserving polynomial fitting method to suppress random seismic noise},
  journal={Geophysics},
  volume=74,
  year=2009,
  pages={V69-V73},
}

@article{sacchi1997reweighting,
  title={Reweighting strategies in seismic deconvolution},
  author={Sacchi, Mauricio D},
  journal={Geophysical Journal International},
  volume={129},
  number={3},
  pages={651--656},
  year={1997},
  publisher={Blackwell Publishing Ltd Oxford, UK}
}

@article{karsli2004using,
  title={Using the Wiener--Levinson algorithm to suppress ground-roll},
  author={Karsli, Hakan and Bayrak, Yusuf},
  journal={Journal of Applied Geophysics},
  volume={55},
  number={3-4},
  pages={187--197},
  year={2004},
  publisher={Elsevier}
}
@article{dondurur2012swell,
  title={Swell noise suppression by wiener prediction filter},
  author={Dondurur, Derman and Karsl{\i}, Hakan},
  journal={Journal of applied geophysics},
  volume={80},
  pages={91--100},
  year={2012},
  publisher={Elsevier}
}
@article{karsli2018mean,
  title={A mean-based filter to remove power line harmonic noise from seismic reflection data},
  author={Karsl{\i}, Hakan and Dondurur, Derman},
  journal={Journal of Applied Geophysics},
  volume={153},
  pages={90--99},
  year={2018},
  publisher={Elsevier}
}


@Article{fomel2007shape,
  author={Sergey Fomel},
  title={Shaping regularization in geophysical-estimation problems},
  journal={Geophysics},
  year=2007,
  Volume=72,
  issue=2,
  number=2,
  pages={R29-R36},
}

@article{karsli2006application,
  title={Application of complex-trace analysis to seismic data for random-noise suppression and temporal resolution improvement},
  author={Karsli, Hakan and Dondurur, Derman and {\c{C}}if{\c{c}}i, G{\"u}nay},
  journal={Geophysics},
  volume={71},
  number={3},
  pages={V79--V86},
  year={2006},
  publisher={Society of Exploration Geophysicists}
}


@Article{sosvmf,
  author={Yangkang Chen and S[] Zu and Yufeng Wang and Xiaohong Chen},
  title = {Deblending of simultaneous-source data using a structure-oriented space-varying median filter},
  journal={Geophysical Journal International},
  year=2020,
  volume=222,
  issue=1,
  number=1,
  pages={1805â€“1823},
  doi={10.1093/gji/ggaa189},
}

@Article{yangkang2020sgk,
  author={Yangkang Chen},
  title = {Fast dictionary learning for noise attenuation of multidimensional seismic data},
  journal={Geophysical Journal International},
  year=2020,
  volume=222,
  issue=1,
  pages={1717â€“1727},
}

@Article{guoning2018,
  author={Guoning Wu and Sergey Fomel and Yangkang Chen},
  title = {Data-driven time-frequency analysis of seismic data using non-stationary Prony method},
  journal={Geophysical Prospecting},
  year=2018,
  volume=66,
  pages={85-97},
}

@Article{yatong2017ieee,
  author={Yatong Zhou and Chaojun Shi and Hanming Chen and Jianyong Xie and Guoning Wu and Yangkang Chen},
  title = {Spike-like blending noise attenuation using structural low-rank decomposition},
  journal={IEEE Geoscience and Remote Sensing Letters},
  year=2017,
  volume=14,
  number=9,
  issue=9,
  pages={1633-1637},
}


@Article{amir2017geo,
  author={M[] A[] N[] Siahsar and S[] Gholtashi and A[] R[] Kahoo and W[] Chen and Y[] Chen},
  title = {Data-driven multi-task sparse dictionary learning for noise attenuation of 3{D} seismic data},
  journal={Geophysics},
  year=2017,
  volume=82,
  number=6,
  issue=6,
  pages={V385â€“V396},
}

@article{li2018large,
  title={Large-scale remote sensing image retrieval by deep hashing neural networks},
  author={Li, Yansheng and Zhang, Yongjun and Huang, Xin and Zhu, Hu and Ma, Jiayi},
  journal={IEEE Transactions on Geoscience and Remote Sensing},
  volume={56},
  number={2},
  pages={950--965},
  year={2018},
  publisher={IEEE}
}

@Article{amir2017,
  author={M[] A[] N[] Siahsar and V[] Abolghasemi  and Yangkang Chen},
  title = {Simultaneous denoising and interpolation of 2{D} seismic data using data-driven non-negative dictionary learning},
  journal={Signal Processing},
  year=2017,
  volume=141,
  pages={309-321},
}

@Article{sweldens1995,
  author = {W[] Sweldens},
  title={Lifting scheme: A new philosophy in biorthogonal wavelet constructions: Wavelet Applications in Signal and Image Processing III},
  journal={Proceedings of SPIE 2569},
  year=1995,
  pages={68-79},
}


@Article{jsedecon2016,
  author={C[] Liu and D[] Wang and B[] Hu and T[] Wang},
  title={Seismic deconvolution with shearlet sparsity constrained inversion},
  journal={Journal of Seismic Exploration},
  year=2016,
  volume=25,
  issue=5,
  number=5,
  pages={433-445},
}

@Article{weilin2016dmssa,
  author={Weilin Huang and Runqiu Wang and  Yangkang Chen and Huijian Li and Shuwei Gan},
  title = {Damped Multichannel Singular Spectrum Analysis for 3{D} Random Noise Attenuation },
  journal={Geophysics},
  year=2016,
  volume=81,
  issue=4,
  number=4,
  pages={V261-V270},
}

@Article{mostafa2010,
  author={M[] Naghizadeh and Mauricio D[] Sacchi},
  title={Beyond alias hierarchical scale curvelet interpolation of regularly and irregularly sampled seismic data},
  journal={Geophysics},
  year=2010,
  volume=75,
  pages={WB189â€“WB202},
}

@Article{fomel2010seislet,
  author = 	 {S[] Fomel and Y[] Liu},
  title = 	 {Seislet transform and seislet frame},
  journal = 	 {Geophysics},
  year = 	 2010,
  volume =	 75,
  issue=3,
  pages =	 {V25-V38},
}

@Article{gulunay1986,
  author =	 {N[] Gulunay},
  title = 	 {Fx decon and complex wiener prediction filter},
  year = 	 {1986},
  journal = 	 {56th Annual International Meeting, SEG, Expanded Abstracts},  
  pages =        {279-281}
}


@Article{chenwei2017emd,
  author={Wei Chen and J[] Xie and S[] Zu and S[] Gan and Yangkang Chen},
  title = {Multiple reflections noise attenuation using adaptive randomized-order empirical mode decomposition},
  journal={IEEE Geoscience and Remote Sensing Letters},
  year=2017,
  volume=14,
  number=1,
  issue=1,
  pages={18-22},
}


@Article{yangkang2018non,
  author={Yangkang Chen},
  title = {Non-stationary least-squares complex decomposition for microseismic noise attenuation},
  journal={Geophysical Journal International},
  year=2018,
  volume=213,
  issue=3,
  pages={1572-1585},
}
@Article{mssa,
  author={Vicente Oropeza and Mauricio Sacchi},
  title={Simultaneous seismic data denoising and reconstruction via multichannel singular spectrum analysis},
  journal = 	 {Geophysics},
  year = 	 2011,
  volume =	 76,
    issue=3,
  pages =	 {V25-V32},
}

@Article{guochang2012,
  author={Guochang Liu and Xiaohong Chen and Jing Du and Kailong Wu},
  title ={Random noise attenuation using \emph{f-x} regularized nonstationary autoregression},
  journal={Geophysics},
  volume=77,
  year=2012,
  pages={V61-V69},
}

@Article{guochang2013,
author={G[] Liu and X[] Chen},
title={Noncausal f-x-y regularized nonstationary prediction filtering for random noise attenuation on 3{D} seismic data},
journal={Journal of Applied Geophysics},
volume=93,
year=2013,
pages={60-66}
}


@Article{verschuure1991,
  author = {D[] J[] Verschuur},
  title ={Surface-related multiple elimination: An inversion approach},
  journal={PhD thesis, Delft University of Technology},
  year=1991,
}
@Article{verschuur1992,
  author={D[] J[] Verschuur and A[] J[] Berkhout and C[] P[] A[] Wapenaar },
  title={Adaptive surface-related multiple elimination},
  journal = 	 {Geophysics},
  year = 	 1992,
  volume =	 57,
  pages =	 {1166-1177},
}


@Article{halliday2007,
  author = {David F[] Halliday and Andrew Curtis  and Johan O[] A[] Robertsson and Dirk-Jan van~Manen},
  title ={Interferometric surface-wave isolation and removal},
  journal={Geophysics},
  year=2007,
  volume={72},
  pages = {A69-A73},
}




















