@Article{yangkang20142,
  author={Yangkang Chen and Sergey Fomel and Jingwei Hu},
  title ={Iterative deblending of simultaneous-source seismic data using seislet-domain shaping regularization},
  journal={Geophysics},
  year=2014,
  volume=79,
  issue=5,
  pages={V179-V189},
}



@Article{Spitz1991fx,
	author={S. Spitz},
	title ={Seismic trace interpolation in the F-X domain},
	journal={Geophysics},
	year=1991,
	volume=56,
	issue=6,
	pages={785-794},
}

@Article{Milton1999half,
	author={Milton J. Porsani},
	title ={Seismic trace interpolation using half-step prediction filters},
	journal={Geophysics},
	year=1999,
	volume=64,
	issue=5,
	pages={1461-1467},
}


@Article{Yanghua2002fxy,
	author={Yanghua Wang},
	title ={Seismic trace interpolation in the f-x-y domain},
	journal={Geophysics},
	year=2002,
	volume=67,
	issue=4,
	pages={1232-1239},
}

@Article{Mostafa2009adaptive,
	author={Mostafa Naghizadeh and Mauricio D. Sacchi},
	title ={f-x adaptive seismic-trace interpolation},
	journal={Geophysics},
	year=2009,
	volume=74,
	issue=1,
	pages={V9-V16},
}


@Article{Yang2011autoregression,
	author={Yang Liu and Sergey Fomel},
	title ={Seismic data interpolation beyond aliasing using regularized nonstationary autoregression},
	journal={Geophysics},
	year=2011,
	volume=76,
	issue=5,
	pages={V69-V77},
}

@Article{Chao2018Adap,
	author={Chao Li and Guochang Liu and Zhenjiang Hao and Shaohuan Zu and Fang Mi and Xiaohong Chen},
	title ={Multidimensional Seismic Data Reconstruction Using Frequency-Domain Adaptive Prediction-Error Filter},
	journal={IEEE Transactions on Geoscience and Remote Sensing},
	year=2018,
	volume=56,
	issue=4,
	pages={2328-2336},
}
@Article{Guochang2019Multi,
	author={Guochang Liu and Chao Li and Zhifeng Guo and Ying Rao},
	title ={Irregularly Sampled Seismic Data Reconstruction Using Multiscale Multidirectional Adaptive Prediction-Error Filter},
	journal={IEEE Transactions on Geoscience and Remote Sensing},
	year=2019,
	volume=57,
	issue=5,
	pages={2909-2919},
}


@Article{Canales1984fx,
	author = {L[] Canales},
	title ={Random noise reduction},
	journal={85th Annual International Meeting, SEG, Expanded Abstracts},
	year=1984,
	pages={525-527},
}

@Article{Spitz1991fx,
	author={S. Spitz},
	title ={Seismic trace interpolation in the F-X domain},
	journal={Geophysics},
	year=1991,
	volume=56,
	issue=6,
	pages={785-794},
}

@Article{Tony1998Interp,
	author={Tony J. Rouphael and J. R. Cruz},
	title ={Multichannel Trace Interpolation in the Presence of Spatial Aliasing},
	journal={IEEE Transactions on Geoscience and Remote Sensing},
	year=1998,
	volume=36,
	issue=3,
	pages={1025-1030},
}

@Article{Mostafa2007Multistep,
	author={Mostafa Naghizadeh and Mauricio D. Sacchi},
	title ={Multistep autoregressive reconstruction of seismic records},
	journal={Geophysics},
	year=2007,
	volume=72,
	issue=6,
	pages={V111-V118},
}

@Article{William2010prediction,
	author={William Curry and Guojian Shan},
	title ={Interpolation of near offsets using multiples and prediction-error filters},
	journal={Geophysics},
	year=2010,
	volume=75,
	issue=6,
	pages={WB153-WB164},
}
%%%%%%%%%%%%%%%%%%%%%%%%%%%%%%%%%%%%%%%%%%%%%%
@Article{Trad2002rt,
	author={Daniel O. Trad and Tadeusz J. Ulrych and Mauricio D. Sacchit},
	title ={Accurate interpolation with high-resolution time-variant {R}adon transforms},
	journal={Geophysics},
	year=2002,
	volume=67,
	issue=2,
	pages={614-656},
}

@Article{Abma2006pocs,
	author={Ray Abma and Nurul Kabir},
	title ={3{D} interpolation of irregular data with a {POCS} algorithm},
	journal={Geophysics},
	year=2006,
	volume=71,
	issue=6,
	pages={E91-E97},
}

@Article{Side2010damped,
	author={Side Jin},
	title ={5{D} seismic data regularization by a damped least-norm Fourier inversion},
	journal={Geophysics},
	year=2010,
	volume=75,
	issue=6,
	pages={WB103-WB111},
}

@Article{Anatoly2010recon,
	author={Anatoly Baumstein and Ramesh Neelamani},
	title ={Accurate data reconstruction through simultaneous application of statistical and physics-based constraints to multiple geophysical data sets},
	journal={Geophysics},
	year=2010,
	volume=75,
	issue=6,
	pages={WB165-WB172},
}

@Article{Yingqiang2014rt,
	author={Yingqiang Zhang and Wenkai Lu},
	title ={2{D} and 3{D} prestack seismic data regularization using an accelerated sparse time-invariant {R}adon transform},
	journal={Geophysics},
	year=2014,
	volume=79,
	issue=5,
	pages={V165-V177},
}

@Article{Yaru2014Radon,
	author={Yaru Xue and Jitao Ma and Xiaohong Chen},
	title ={High-order sparse {R}adon transform for {AVO}-preserving data reconstruction},
	journal={Geophysics},
	year=2014,
	volume=79,
	issue=2,
	pages={V13-V22},
}

@Article{Hua2015curvelet,
	author={Hua Zhang and Xiaohong Chen and Hongxing Li},
	title ={3{D} seismic data reconstruction based on complex-valued curvelet transform in frequency domain},
	journal={Journal of Applied Geophysics},
	year=2015,
	volume=113,
	pages={64-73},
}

@Article{Benfeng2015dreamlet,
	author={Benfeng Wang and Rushan Wu and Xiaohong Chen and Jingye Li},
	title ={Simultaneous seismic data interpolation and denoising with a new adaptive method based on dreamlet transform},
	journal={Geophysical Journal International},
	year=2015,
	volume=201,
	pages={1182-1194},
}

@Article{Hua2019Curvelet,
	author={Hua Zhang and Su Diao and Wei Chen and Guangnan Huang and Hongxing Li and Min Bai},
	title ={Curvelet reconstruction of non-uniformly sampled seismic data using the linearized {B}regman method},
	journal={Geophysical Prospecting},
	year=2019,
	volume=67,
	pages={1201-1218},
}


@Article{Min2019Gaussian,
	author={Min Bai and Juan Wu and Hua Zhang and Mi Zhang and Yangkang Chen},
	title ={Gaussian beam reconstruction of seismic data},
	journal={Geophysics},
	year=2019,
	volume=84,
	issue=5,
	pages={S373-S387},
}

@Article{Zwartjes2007Fourier,
	author={P. M. Zwartjes and M. D. Sacchi},
	title ={Fourier reconstruction of nonuniformly sampled, aliased seismic data},
	journal={Geophysics},
	year=2007,
	volume=72,
	issue=1,
	pages={V21-V32},
}
@Article{Trad2009acquisition,
	author={Daniel Trad},
	title ={Five-dimensional interpolation: Recovering from acquisition constraints},
	journal={Geophysics},
	year=2009,
	volume=74,
	issue=6,
	pages={V123-V132},
}

@Article{Pengliang2012POCS,
	author={Pengliang Yang and Jinghuai Gao and Wenchao Chen},
	title ={Curvelet-based {POCS} interpolation of nonuniformly sampled seismic records},
	journal={Journal of Applied Geophysics},
	year=2012,
	volume=79,
	pages={90-99},
}

@Article{Benfeng2014POCS,
	author={Benfeng Wang and Rushan Wu and Yu Geng and Xiaohong Chen},
	title ={Dreamlet-based interpolation using {POCS} method},
	journal={Journal of Applied Geophysics},
	year=2014,
	volume=109,
	pages={256-265},
}
%%%%%%%%%%%%%%%%%%%%%%%%%%%%%%%%%%%%%
@Article{Jianjun2013rank,
	author={Jianjun Gao and Mauricio D. Sacchi and Xiaohong Chen},
	title ={A fast reduced-rank interpolation method for prestack seismic volumes that depend on four spatial dimensions},
	journal={Geophysics},
	year=2013,
	volume=78,
	issue=1,
	pages={V21-V30},
}


@Article{Gregory2015tensor,
	author={Gregory Ely and Shuchin Aeron and Ning Hao and Misha E. Kilmer},
	title ={5{D} seismic data completion and denoising usinga novel class of tensor decompositions},
	journal={Geophysics},
	year=2015,
	volume=80,
	issue=4,
	pages={V83-V95},
}

@Article{Kumar2015matrix,
	author={Rajiv Kumar and Curt Da Silva and Okan Akalin and Aleksandr Y. Aravkin and Hassan Mansour and Benjamin Recht and Felix J. Herrmann},
	title ={Efficient matrix completion for seismic data reconstruction},
	journal={Geophysics},
	year=2015,
	volume=80,
	issue=5,
	pages={V97-V113},
}

@Article{baimin2019tgrs,
  author={Min Bai and Juan Wu and Mi Zhang and Yangkang Chen},
  title = {Least-squares Gaussian beam transform for seismic noise attenuation},
  journal={IEEE Transactions on Geoscience and Remote Sensing},
  year=2019,
  volume=57,
  number=11,
  issue=11,
  pages={8685-8694},
  doi={10.1109/TGRS.2019.2922364},
}

@article{wang2020low,
  title={Low-rank seismic denoising with optimal rank selection for hankel matrices},
  author={Wang, Chong and Zhu, Zhihui and Gu, Hanming},
  journal={Geophysical Prospecting},
  volume={68},
  number={3},
  pages={892--909},
  year={2020},
  publisher={European Association of Geoscientists \& Engineers}
}



@article{jianjun2017five,
  title={Five-Dimensional Seismic Reconstruction Using Parallel Square Matrix Factorization},
  author={Gao, Jianjun and Cheng, Jinkun and Sacchi, Mauricio D},
  journal={IEEE Transactions on Geoscience and Remote Sensing},
  volume={55},
  number={4},
  pages={2124--2135},
  year={2017},
  publisher={IEEE}
}

@Article{zhaoqiang2019tgrs,
  author={Qiang Zhao and Qizhen Du and Wenhan Sun and Yangkang Chen},
  title = {Iterative Double {L}aplacian-Scaled Low-Rank Optimization for Under-Sampled and Noisy Signal Recovery},
  journal={IEEE Transactions on Geoscience and Remote Sensing},
  year=2019,
  volume=57,
  issue=11,
  number=11,
  pages={9177-9187},
  doi={10.1109/TGRS.2019.2925376},
}

@Article{amir2017,
  author={M[] A[] N[] Siahsar and V[] Abolghasemi  and Yangkang Chen},
  title = {Simultaneous denoising and interpolation of 2{D} seismic data using data-driven non-negative dictionary learning},
  journal={Signal Processing},
  year=2017,
  volume=141,
  pages={309-321},
}

@article{lorenzi2016,
  author =	 {L[] Lorenzi and F[] Melgani and G[] Mercier},
  title =	 {Missing-area reconstruction in multispectral images under a compressive sensing perspective},
  year =	 2016,
  journal =	 {IEEE Transactions on Geoscience and Remote Sensing},
  volume =	 51,
  issue=7,
  pages =	 {3998-4008},
}


@article{huang2018damped,
  title={Damped dreamlet representation for exploration seismic data interpolation and denoising},
  author={Huang, Weilin and Wu, Ru-Shan and Wang, Runqiu},
  journal={IEEE Transactions on Geoscience and Remote Sensing},
  volume={56},
  number={6},
  pages={3159--3172},
  year={2018},
  publisher={IEEE}
}

@Article{yangkang2019nc,
  author={Yangkang Chen and Min Bai and Yunfeng Chen},
  title = {Obtaining free {USA}rray data by multi-dimensional seismic reconstruction},
  journal={Nature Communications},
  year=2019,
  volume=10,
  number=1,
  issue=1,
  pages={4434},
  doi={10.1038/s41467-019-12405-0},
}
@Article{yangkang2016irr5d,
  author={Yangkang Chen and Dong Zhang and Zhaoyu Jin and Xiaohong Chen and Shaohuan Zu and Weilin Huang and Shuwei Gan},
  title = {Simultaneous denoising and reconstruction of 5{D} seismic data via damped rank-reduction method},
  journal={Geophysical Journal International},
  year=2016,
  volume=206,
  issue=3,
  pages={1695-1717},
}



@Article{Dong2017Hybrid,
	author={Dong Zhang and Yatong Zhou and Hanming Chen and Wei Chen and Shaohuan Zu and and Yangkang Chen},
	title ={Hybrid rank-sparsity constraint model for simultaneous reconstruction and denoising of 3{D} seismic data},
	journal={Geophysics},
	year=2017,
	volume=82,
	issue=5,
	pages={V351-V367},
}

@Article{Jinkun2019mssa,
	author={Jinkun Cheng and Mauricio Sacchi and Jianjun Gao},
	title ={Computational efficient multidimensional singular spectrum analysis for pre-stack seismic data reconstruction},
	journal={Geophysics},
	year=2019,
	volume=84,
	issue=2,
	pages={V111-V119},
}


@Article{Lari2019assa,
	author={Hojjat Haghshenas Lari and Mostafa Naghizadeh and Mauricio D. Sacchi and Ali Gholami},
	title ={Adaptive singular spectrum analysis for seismic denoising and interpolation},
	journal={Geophysics},
	year=2015,
	volume=84,
	issue=2,
	pages={V133-V142},
}


@Article{Nadia2012tensor,
	author={Nadia Kreimer and Mauricio D. Sacchi},
	title ={A tensor higher-order singular value decomposition for prestack seismic data noise reduction and interpolation},
	journal={Geophysics},
	year=2012,
	volume=77,
	issue=3,
	pages={V113-V122},
}

@Article{Yangkang2016drr,
	author={Yangkang Chen and Dong Zhang and Zhaoyu Jin and Xiaohong Chen and Shaohuan Zu and Weilin Huang and Shuwei Gan},
	title ={Simultaneous denoising and reconstruction of 5-{D} seismic data via damped rank-reduction method},
	journal={Geophysical Journal International},
	year=2016,
	volume=206,
	pages={1695-1717},
}
@Article{yangkang2020odrr,
  author={Yangkang Chen and Min Bai and Zhe Guan and Qingchen Zhang and Mi Zhang and Hang Wang},
  title = {Five-dimensional seismic data reconstruction using the optimally damped rank-reduction method},
  journal={Geophysical Journal International},
  year=2020,
  volume=222,
  issue=1,
  number=1,
  pages={1824-1845},
  doi={10.1093/gji/ggaa190},
}
@Article{Yangkang2019orr,
	author={Yangkang Chen and Min Bai and Zhe Guan and Qingchen Zhang and Mi Zhang and Hang Wang},
	title ={Five-dimensional seismic data reconstruction using the optimally damped rank-reduction method},
	journal={Geophysical Journal International},
	year=2019,
	volume=218,
	pages={224-246},
}
%%%%%%%%%%%%%%%%%%%%%%%%%%%%%%%%%%%%%%%%
@article{siwei2015interpolation,
	author = {Yu, Siwei and Ma, Jianwei and Zhang, Xiaoqun and Sacchi, Mauricio D.},
	title = "{Interpolation and denoising of high-dimensional seismic data by learning a tight frame}",
	journal = {Geophysics},
	volume = {80},
	number = {5},
	issue=5,
	pages = {V119-V132},
	year = {2015},
	month = {07},
}

@article{lingchen2015multiscale,
	author = {Zhu, Lingchen and Liu, Entao and McClellan, James H.},
	title = "{Seismic data denoising through multiscale and sparsity-promoting dictionary learning}",
	journal = {Geophysics},
	volume = {80},
	number = {6},
	issue=6,
	pages = {WD45-WD57},
	year = {2015},
	month = {08},
}

@article{Siahsar2017multitask,
	author = {Nazari Siahsar, Mohammad Amir and Gholtashi, Saman and Kahoo, Amin Roshandel and Chen, Wei and Chen, Yangkang},
	title = "{Data-driven multitask sparse dictionary learning for noise attenuation of 3{D} seismic data}",
	journal = {Geophysics},
	volume = {82},
	number = {6},
	issue=6,
	pages = {V385-V396},
	year = {2017},
	month = {10},
}

@article{yangkang2017fast,
	author = {Chen, Yangkang},
	title = "{Fast dictionary learning for noise attenuation of multidimensional seismic data}",
	journal = {Geophysical Journal International},
	volume = {209},
	number = {1},
	pages = {21-31},
	year = {2017},
	month = {01},
}

@article{turquais2018parabolic,
	author = {Turquais, Pierre and Asgedom, Endrias G. and Söllner, Walter and Gelius, Leiv},
	title = "{Parabolic dictionary learning for seismic wavefield reconstruction across the streamers}",
	journal = {Geophysics},
	volume = {83},
	number = {4},
	issue=4,
	pages = {V263-V282},
	year = {2018},
	month = {06},
}

@article{Ibrahim2018hyperbolic,
	author = {Ibrahim, Amr and Terenghi, Paolo and Sacchi, Mauricio D.},
	title = "{Simultaneous reconstruction of seismic reflections and diffractions using a global hyperbolic Radon dictionary}",
	journal = {Geophysics},
	volume = {83},
	number = {6},
	pages = {V315-V323},
	year = {2018},
	month = {10},
}

@ARTICLE{lina2019denoising,
	author={L. {Liu} and J. {Ma}},
	journal={IEEE Transactions on Geoscience and Remote Sensing},
	title={Structured Graph Dictionary Learning and Application on the Seismic Denoising},
	year={2019},
	volume={57},
	number={4},
	pages={1883-1893},
	month={April},}

@ARTICLE{shaohuan2019hybrid,
	author={S. {Zu} and H. {Zhou} and R. {Wu} and W. {Mao} and Y. {Chen}},
	journal={IEEE Transactions on Geoscience and Remote Sensing},
	title={Hybrid-Sparsity Constrained Dictionary Learning for Iterative Deblending of Extremely Noisy Simultaneous-Source Data},
	year={2019},
	volume={57},
	number={4},
	pages={2249-2262},
	month={April},}

@article{Beckouche2014dl,
	author = {Beckouche, Simon and Ma, Jianwei},
	title = "{Simultaneous dictionary learning and denoising for seismic data}",
	journal = {Geophysics},
	volume = {79},
	number = {3},
	issue=3,
	pages = {A27-A31},
	year = {2014},
	month = {05},
}

@article{yangkang2016double,
	author = {Yangkang Chen and Jianwei Ma and Sergey Fomel},
	title = {Double-sparsity dictionary for seismic noise attenuation},
	journal = {Geophysics},
	volume = {81},
	number = {2},
	issue=3,
	pages = {V103-V116},
	year = {2016},
}

@ARTICLE{zhouy2016patchwise,
	author={Y. {Zhou} and J. {Gao} and W. {Chen} and P. {Frossard}},
	journal={IEEE Transactions on Geoscience and Remote Sensing},
	title={Seismic Simultaneous Source Separation via Patchwise Sparse Representation},
	year={2016},
	volume={54},
	number={9},
	pages={5271-5284},
	month={Sep.},}

@article{huang2018damped,
  title={Damped dreamlet representation for exploration seismic data interpolation and denoising},
  author={Huang, Weilin and Wu, Ru-Shan and Wang, Runqiu},
  journal={IEEE Transactions on Geoscience and Remote Sensing},
  volume={56},
  number={6},
  pages={3159--3172},
  year={2018},
  publisher={IEEE}
}

@article{wang2019hankel,
  title={Hankel Low-Rank Approximation for Seismic Noise Attenuation},
  author={Wang, Chong and Zhu, Zhihui and Gu, Hanming and Wu, Xinming and Liu, Shuaiqi},
  journal={IEEE Transactions on Geoscience and Remote Sensing},
  volume=57,
  number={1},
  issue=1,
  pages={1--13},
  year={2019},
  publisher={IEEE}
}

@article{turquais2017coherence,
	author = {Turquais, Pierre and Asgedom, Endrias G. and Söllner, Walter},
	title = "{A method of combining coherence-constrained sparse coding and dictionary learning for denoising}",
	journal = {Geophysics},
	volume = {82},
	number = {3},
	issue=3,
	pages = {V137-V148},
	year = {2017},
	month = {02},
}

@article{lina2017graph,
	author = {Liu, Lina and Ma, Jianwei and Plonka, Gerlind},
	title = "{Sparse graph-regularized dictionary learning for suppressing random seismic noise}",
	journal = {Geophysics},
	volume = {83},
	number = {3},
	issue=3,
	pages = {V215-V231},
	year = {2018},
	month = {04},
}

@Article{sgk2013,
  author={S[] K[] Sahoo and A[] Makur},
  title ={Dictionary Training	for	Sparse Representation as Generalization	of {K}-Means Clustering},
  journal={IEEE Signal Processing Letters},
  year=2013,
  volume=20,
  issue=6,
  pages={587-590},
}

@article{Turquais2017morphology,
	author = {Turquais, Pierre and Asgedom, Endrias G. and Söllner, Walter},
	title = "{Coherent noise suppression by learning and analyzing the morphology of the data}",
	journal = {Geophysics},
	volume = {82},
	number = {6},
	issue=6,
	pages = {V397-V411},
	year = {2017},
	month = {10},
}
@Article{mada2013,
  author={Sergey Fomel and P[] Sava and I[] Vlad and Y[] Liu and V[] Bashkardin},
  title={Madagascar open-source software project},
  journal = 	 {Journal of Open Research Software},
  year = 	 2013,
  volume =	 1,
  pages =	 {e8},
}

@article{shuwei2016cs,
  title={Compressive sensing for seismic data reconstruction via fast projection onto convex sets based on seislet transform},
  author={Gan, Shuwei and Wang, Shoudong and Chen, Yangkang and Chen, Xiaohong and Huang, Weiling and Chen, Hanming},
  journal={Journal of Applied Geophysics},
  volume={130},
  pages={194--208},
  year={2016},
  publisher={Elsevier}
}

@Article{siwei2016,
  author =	 { Siwei Yu and J[] Ma and X[] Zhang and Stanley Osher},
  title =	 { Monte Carlo data-driven tight frame for seismic data recovery},
  journal =	 {Geophysics},
  volume =	 81,
  year =	 2016,
  number =	 4,
  issue=4,
  pages =	 {V327-V340},
}


@Article{wanghang2020,
  author={Hang Wang and Quan Zhang and Guoyin Zhang and Jinwei Fang and Yangkang Chen},
  title = {Self-training and learning the waveform features of microseismic data using an adaptive dictionary},
  journal={Geophysics},
  year=2020,
  volume=85,
  issue=3,
  number=3,
  pages={KS51-KS61},
  doi={10.1190/geo2019-0213.1},
}

@Article{zhangdong2017,
  author={Dong Zhang and Yatong Zhou and Hanming Chen and Wei Chen and Shaohuan Zu and  and Yangkang Chen},
  title = {Hybrid rank-sparsity constraint model for simultaneous reconstruction and denoising of 3{D} seismic data},
  journal={Geophysics},
  year=2017,
  volume=82,
  number=5,
  issue=5,
  pages={V351-V367},
}
@Article{mostafa2016geo,
  author={S[] Mostafa Mousavi and Charles A[] Langston and Stephen P[] Horton},
  title={Automatic microseismic denoising and onset detection using the synchrosqueezed continuous wavelet transform},
  journal={Geophysics},
  year=2016,
  volume=81,
  number=4,
  issue=4,
  pages={V341-V355},
}

@Article{yangkang2020sgk,
  author={Yangkang Chen},
  title = {Fast dictionary learning for noise attenuation of multidimensional seismic data},
  journal={Geophysical Journal International},
  year=2020,
  volume=222,
  issue=1,
  pages={1717–1727},
}

@Article{mostafa2011,
  author={M[] Naghizadeh and Mauricio D[] Sacchi},
  title={Seismic data interpolation and denoising in the frequency-wavenumber domain},
  journal={Geophysics},
  year=2011,
  volume=76,
  number=2,
  issue=2,
  pages={V71–V80},
}


@Article{fomel2007localattr,
  author={Sergey Fomel},
  title={Local seismic attributes},
  journal={Geophysics},
  year=2007,
  Volume=72,
  issue=3,
  number=3,
  pages={A29-A33},
}
@Article{yangkang2015ortho,
  author={Yangkang Chen and Sergey Fomel},
  title = {Random noise attenuation using local signal-and-noise orthogonalization},
  journal={Geophysics},
  volume=80,
  year=2015,
  issue=6,
  number=6,
  pages={W{D}1-W{D}9},
}


@article{shaohuan2019dippatch,
	author = {Zu, Shaohuan and Zhou, Hui and Wu, Rushan and Jiang, Maocai and Chen, Yangkang},
	title = "{Dictionary learning based on dip patch selection training for random noise attenuation}",
	journal = {Geophysics},
	volume = {84},
	number = {3},
	issue=3,
	pages = {V169-V183},
	year = {2019},
	month = {03},
}

@article{yangkang2019sparse,
	author = {Chen, Yangkang and Zu, Shaohuan and Chen, Wei and Zhang, Mi and Guan, Zhe},
	title = "{Learning the blending spikes using sparse dictionaries}",
	journal = {Geophysical Journal International},
	volume = {218},
	number = {2},
	pages = {1379-1397},
	year = {2019},
	month = {05},
}

@ARTICLE{Tropp2007ksvd,  
	author={J. A. {Tropp} and A. C. {Gilbert}},  
	journal={IEEE Transactions on Information Theory},  
	title={Signal Recovery From Random Measurements Via Orthogonal Matching Pursuit}, 
	year={2007}, 
	volume={53},  
	number={12}, 
	pages={4655-4666},}