@Article{yangkang20142,
  author={Yangkang Chen and Sergey Fomel and Jingwei Hu},
  title ={Iterative deblending of simultaneous-source seismic data using seislet-domain shaping regularization},
  journal={Geophysics},
  year=2014,
  volume=79,
  issue=5,
  pages={V179-V189},
}


@article{fomel2007shape,
  author={Sergey Fomel},
  title={Shaping regularization in geophysical-estimation problems},
  journal={Geophysics},
  year=2007,
  Volume=72,
  issue=2,
  number=2,
  pages={R29-R36},
}

@inproceedings{barkved20034d,
  title={4{D} seismic response of primary production and waste injection at the Valhall field},
  author={Barkved, O and Buer, K and Halleland, KB and Kjelstadli, R and Kleppan, T and Kristiansen, T},
  booktitle={65th EAGE Conference \& Exhibition},
  pages={cp--6},
  year={2003},
  organization={European Association of Geoscientists \& Engineers}
}

@incollection{hatchell2003whole,
  title={Whole earth 4{D}: Reservoir monitoring geomechanics},
  author={Hatchell, PJ and Van Den Beukel, A and Molenaar, MM and Maron, KP and Kenter, CJ and Stammeijer, JGF and Van der Velde, JJ and Sayers, CM},
  booktitle={SEG Technical Program Expanded Abstracts 2003},
  pages={1330--1333},
  year={2003},
  publisher={Society of Exploration Geophysicists}
}

@incollection{gallop2011midpoint,
  title={Midpoint match filtering},
  author={Gallop, Jeremy},
  booktitle={SEG Technical Program Expanded Abstracts 2011},
  pages={4170--4174},
  year={2011},
  publisher={Society of Exploration Geophysicists}
}

@article{lumley2001time,
  title={Time-lapse seismic reservoir monitoring},
  author={Lumley, David E},
  journal={Geophysics},
  volume={66},
  number={1},
  issue={1},
  pages={50--53},
  year={2001},
  publisher={Society of Exploration Geophysicists}
}

@article{bader2019missing,
  title={Missing log data interpolation and semiautomatic seismic well ties using data matching techniques},
  author={Bader, Sean and Wu, Xinming and Fomel, Sergey},
  journal={Interpretation},
  volume={7},
  number={2},
  issue={2},
  pages={T347--T361},
  year={2019},
  publisher={Society of Exploration Geophysicists and American Association of Petroleum~…}
}

@article{dramsch2019deep,
  title={Deep Unsupervised 4{D} Seismic 3{D} Time-Shift Estimation with Convolutional Neural Networks},
  author={Dramsch, Jesper S{\"o}ren and Christensen, Anders Nymark and MacBeth, Colin and L{\"u}thje, Mikael},
  year={2019},
  pages={EarthArXiv: 10.31223/osf.io/82bnj},
  publisher={EarthArXiv 10.31223/osf.io/82bnj}
}

@incollection{hatchell2005measuring,
  title={Measuring reservoir compaction using time-lapse timeshifts},
  author={Hatchell, PJ and Bourne, SJ},
  booktitle={SEG Technical Program Expanded Abstracts 2005},
  pages={2500--2503},
  year={2005},
  publisher={Society of Exploration Geophysicists}
}


@incollection{zhang2016multiscale,
  title={Multiscale and iterative refinement optical flow (MSIROF) for seismic image registration and gather flattening using multidimensional shifts},
  author={Zhang, Qie and Du, Bosen},
  booktitle={SEG Technical Program Expanded Abstracts 2016},
  pages={5468--5472},
  year={2016},
  publisher={Society of Exploration Geophysicists}
}

@incollection{phillips2016seismic,
  title={Seismic time-lapse image registration using amplitude-adjusted plane-wave destruction},
  author={Phillips, Mason and Fomel, Sergey},
  booktitle={SEG Technical Program Expanded Abstracts 2016},
  pages={5473--5478},
  year={2016},
  publisher={Society of Exploration Geophysicists}
}

@inproceedings{williamson2007new,
  title={A new approach to warping for quantitative time--lapse characterisation},
  author={Williamson, PR and Cherrett, AJ and Sexton, PA},
  booktitle={69th EAGE Conference and Exhibition incorporating SPE EUROPEC 2007},
  pages={cp--27},
  year={2007},
  organization={European Association of Geoscientists \& Engineers}
}


@incollection{hale2006fast,
  title={Fast local cross-correlations of images},
  author={Hale, Dave},
  booktitle={SEG Technical Program Expanded Abstracts 2006},
  pages={3160--3164},
  year={2006},
  publisher={Society of Exploration Geophysicists}
}

@article{hale2013dynamic,
  title={Dynamic warping of seismic images},
  author={Hale, Dave},
  journal={Geophysics},
  volume={78},
  number={2},
  issue=2,
  pages={S105--S115},
  year={2013},
  publisher={Society of Exploration Geophysicists}
}


@book{johnston2013practical,
  title={Practical applications of time-lapse seismic data},
  author={Johnston, David H},
  year={2013},
  publisher={Society of Exploration Geophysicists}
}

@article{greer2018matching,
  title={Matching and merging high-resolution and legacy seismic images},
  author={Greer, Sarah and Fomel, Sergey},
  journal={Geophysics},
  volume={83},
  number={2},
  issue=2,
  pages={V115--V122},
  year={2018},
  publisher={Society of Exploration Geophysicists}
}

@article{zhang2013time,
  title={Time-lapse seismic data registration and inversion for CO 2 sequestration study at Cranfield},
  author={Zhang, Rui and Song, Xiaolei and Fomel, Sergey and Sen, Mrinal K and Srinivasan, Sanjay},
  journal={Geophysics},
  volume={78},
  number={6},
  issue=6,
  pages={B329--B338},
  year={2013},
  publisher={Society of Exploration Geophysicists}
}

@article{zhang2014time,
  title={Time-lapse pre-stack seismic data registration and inversion for CO2 sequestration study at Cranfield},
  author={Zhang, Rui and Song, Xiaolei and Fomel, Sergey and Sen, Mrinal K and Srinivasan, Sanjay},
  journal={Geophysical Prospecting},
  volume={62},
  number={5},
  issue=5,
  pages={1028--1039},
  year={2014},
  publisher={European Association of Geoscientists \& Engineers}
}


@article{fomel20094,
  author =	 {S[] Fomel and L[] Jin},
  title =	 {Time-lapse image registration using the local similarity attribute},
  journal = 	 {Geophysics},
  year = 	 2009,
  volume =	 74,
  issue=2,
  number=2,
  pages =	 {A7-A11},
}

@article{landro2001discrimination,
title={Discrimination between pressure and fluid saturation changes from time-lapse seismic data},
author={Landr{\o}, Martin},
journal={Geophysics},
volume={66},
number={3},
issue={3},
pages={836--844},
year={2001},
doi={10.1190/1.1444973},
}

@article{tura1995estimating,
title={Estimating Pressure and Saturation Changes from Time Lapse AVO Data},
author={Tura, A. and Lumley, D.E.},
journal={61st Annual International Meeting, EAGE, Expanded Abstracts},
pages={10.3997/2214-4609.201407758},
year={1999},
doi={10.3997/2214-4609.201407758},
}

@article{grana2015bayesian,
title={Bayesian inversion of time‐lapse seismic data for the estimation of static reservoir properties and dynamic property changes},
author={Grana, Dario and Mukerji, Tapan},
journal={Geophysical Prospecting},
volume={63},
number={3},
issue={3},
pages={637--655},
year={2015},
doi={10.1111/1365-2478.12203},
}

@article{buland2006bayesian,
title={Bayesian time-lapse inversion},
author={Buland, Arild and Ouair, Youness El},
journal={Geophysics},
volume={71},
number={3},
issue={3},
pages={R43--R48},
year={2006},
doi={10.1190/1.2196874},
}

@article{hicks2016time-lapse,
title={Time-lapse full-waveform inversion as a reservoir-monitoring tool — A North Sea case study},
author={Hicks, Erik and Hoeber, Henning and Houbiers, Marianne and Lescoffit, Severine Pannetier and Ratcliffe, Andrew and Vinje, Vetle},
journal={Geophysics},
volume={35},
number={10},
issue={10},
pages={850--858},
year={2016},
doi={10.1190/tle35100850.1},
}

@article{kamei2017full,
title={Full waveform inversion of repeating seismic events to estimate time-lapse velocity changes},
author={Kamei, Rie and Lumley, David},
journal={Geophysical Journal International},
volume={209},
number={2},
issue={2},
pages={1239--1264},
year={2017},
doi={10.1093/gji/ggx057},
}


@article{Espen2015a,
author = {Espen Birger Raknes and Børge Arntsen},
title = {A numerical study of 3{D} elastic time-lapse full-waveform inversion using multicomponent seismic data},
journal = {Geophysics},
volume = {80},
number = {6},
issue = {6},
pages = {R303-R315},
year = {2015},
doi = {10.1190/geo2014-0472.1},
}

@article{longxiao2016the,
title={The time-lapse {AVO} difference inversion for changes in reservoir parameters},
author={{Zhi}, Longxiao and {Gu} Hanming and {Li} Yan},
journal={Journal of Geophysics and Engineering},
volume={13},
number={6},
issue = {6},
pages={899--911},
year={2016},
doi={10.1088/1742-2132/13/6/899},
}

@Article{yangkang2015svmf,
  author={Y[] Chen},
  title = {Deblending using a space-varying median filter},
  journal={Exploration Geophysics},
  year=2015,
  volume=46,
  pages={332-341},
}


@article{zhi2018time-lapse,
title={Time-lapse joint AVO inversion using generalized linear method based on exact Zoeppritz equations},
author={Zhi, Longxiao and Gu, Hanming},
journal={Journal of Applied Geophysics},
volume={150},
pages={195--207},
year={2018},
doi={10.1016/j.jappgeo.2018.01.016},
}

@article{lin2020Bayesian,
title={Bayesian Time-lapse Difference Inversion Based on the exact Zoeppritz Equations with Blockiness Constraint    
},
author={Lin Zhou and  Jianping Liao and  Jingye Li and Xiaohong Chen and  Tianchun Yang and  Andrew Hursthouse},
journal={Journal of Environmental and Engineering Geophysics},
volume={25},
number={1},
issue = {1},
pages={89--100},
year={2020},
doi={10.2113/JEEG19-045},
}

@Article{mada2013,
  author={Sergey Fomel and P[] Sava and I[] Vlad and Y[] Liu and V[] Bashkardin},
  title={Madagascar open-source software project},
  journal = 	 {Journal of Open Research Software},
  year = 	 2013,
  volume =	 1,
  pages =	 {e8},
}

@Article{qushan2016seg,
  author={Shan Qu and D[] J[] Verschuur},
  title={Getting accurate time-lapse information using geology-constrained simultaneous joint migration-inversion},
  journal={86th Annual International Meeting, SEG, Expanded Abstracts},
  year=2016,
  pages={5451-5456}
}


@Article{qushan2016eage,
  author = 	 {Shan Qu and D[] J[] Verschuur},
  title = 	 {Simultaneous Time-lapse Imaging via Joint Migration and Inversion},
  journal = 	 { 78th Annual International Conference and Exhibition, EAGE, Extended Abstracts},
  year = 	 2016,
  pages={DOI: 10.3997/2214-4609.201600582}}
  

@Article{qushan2017eage2,
  author = 	 {Shan Qu and D[] J[] Verschuur},
  title = 	 {Simultaneous Joint Migration Inversion for Accurate Time-lapse Analysis of Sparse Monitor Surveys},
  journal = 	 { First EAGE Workshop on Practical Reservoir Monitoring },
  year = 	 2016,
  pages={DOI: 10.3997/2214-4609.201700024}}
  
 
 
@article{rickett2001cross,
  title={Cross-equalization data processing for time-lapse seismic reservoir monitoring: A case study from the {G}ulf of {M}exico},
  author={Rickett, JE and Lumley, DE},
  journal={Geophysics},
  volume={66},
  number={4},
  issue={4},
  pages={1015--1025},
  year={2001},
  publisher={Society of Exploration Geophysicists}
}


@article{rickett1998a,
title={A Cross-equalization Processing Flow For Off-the-shelf 4{D} Seismic Data},
author={Rickett, James and Lumley, David},
journal={68th Annual International Meeting, SEG, Expanded Abstracts},
pages={10.1190/1.1820252},
year={1998},
doi={10.1190/1.1820252},
}

@article{eastwood1998processing,
title={Processing for robust time-lapse seismic analysis: {G}ulf of {M}exico example, Lena Field},
author={Eastwood, John and Johnston, D C and Huang, Xuri and Craft, Ken},
journal={68th Annual International Meeting, SEG, Expanded Abstracts},
pages={20--23},
year={1998},
doi={10.1190/1.1820376},
}

@article{huang2001seismic,
title={Seismic history matching guided by attribute zonation},
author={Huang, Xuri and Bentley, Laurence R and Laflamme, Claude},
journal={71st Annual International Meeting, SEG, Expanded Abstracts},
year={2001},
pages={1568-1571},
doi={10.1190/1.1816410},
}

@article{Wardhana2002Analysis,
title={Analysis of Time-Lapse Seismic Technology Using a Physical Model of a Porous Channel Sand},
author={Wardhana, R. A.},
journal={University of Houston, USA},
year={2002},
}

@article{ross1997time-lapse,
title={Time-lapse seismic monitoring; some shortcomings in nonuniform processing},
author={Ross, Christopher P and Altan, M Suat},
journal={Geophysics},
volume={16},
number={6},
issue  = {6},
pages={931--937},
year={1997},
doi={10.1190/1.1437701},
}

@article{hatchell2019matching,
title={Matching of 4{D} seismic data: Spectrum balancing vs conventional least squares filters},
author={Hatchell, Paul and Tatanova, Maria},
journal={89th Annual International Meeting, SEG, Expanded Abstracts},
pages={5245-5249},
year={2019},
doi={10.1190/segam2019-3216004.1},
}

@article{Tucker2000time,
author = {Tucker Burkhart and Andrew R. Hoover and Peter B. Flemings},
title = {Time-lapse (4{D}) seismic monitoring of primary production of turbidite reservoirs at {S}outh {T}imbalier {B}lock 295, offshore {L}ouisiana, {G}ulf of {M}exico},
journal = {Geophysics},
volume = {65},
number = {2},
issue  = {2},
pages = {351-367},
year = {2000},
doi = {10.1190/1.1444731},
}

@article{Filipe2020time,
author = {Filipe Borges and Martin Landrø and Kenneth Duffaut},
title = {Time-lapse seismic analysis of overburden water injection at the {E}kofisk field, southern {N}orth {S}ea},
journal = {Geophysics},
volume = {85},
number = {1},
issue  = {1},
pages = {B9-B21},
year = {2020},
doi = {10.1190/geo2019-0140.1},
}
  
       
@article{Alismaili2002Non,
  title={Non-linear cross-equalization of time-lapse seismic surveys using artificial neural networks},
  author={Al-Ismaili, Ibrahim Y and Warner, Mike R},
  journal={64th Annual International Conference and Exhibition, EAGE, Extended Abstracts},
  pages={doi: 10.3997/2214-4609-pdb.5.P035},
  year={2002},
  organization={European Association of Geoscientists \& Engineers}
}



     
@article{bertrand2008detectability,
title={Detectability and time-shift estimation with high-resolution, time-lapse seismic},
author={Bertrand, Alexandre and Thiebaud, Jeremie},
journal={The Leading Edge},
volume={27},
number={5},
issue={5},
pages={636--640},
year={2008},
doi={10.1190/1.2919582},
}

@article{bergmann2014timelapse,
title={Time-lapse difference static correction using prestack crosscorrelations : 4{D} seismic image enhancement case from {K}etzin},
author={Bergmann, Peter and Kashubin, Artem and Ivandic, Monika and Luth, Stefan and Juhlin, Christopher},
journal={Geophysics},
volume={79},
number={6},
issue={6},
pages={B243-B252},
year={2014},
doi={10.1190/geo2013-0422.1},
}
    
@article{hale2009a,
title={A method for estimating apparent displacement vectors from time-lapse seismic images},
author={Hale, Dave},
journal={Geophysics},
volume={74},
number={5},
issue={5},
pages={V99-V107.},
year={2009},
doi={doi.org/10.1190/1.3184015},
}

@article{vasco2004seismic,
title={Seismic imaging of reservoir flow properties: Time-lapse amplitude changes},
author={Vasco, D W and Dattagupta, Akhil and Behrens, Ronald A and Condon, Pat and Rickett, James},
journal={Geophysics},
volume={69},
number={2},
issue={2},
pages={1425--1442},
year={2004},
doi={10.1190/1.1836817},
}

    
@article{ayeni2009optimized,
title={Optimized Local Matching of Time-lapse Seismic Data: A Case Study From the {G}ulf of {M}exico},
author={Ayeni, Gboyega and Nasser, Mosab},
journal={79th Annual International Meeting, SEG, Expanded Abstracts},
pages={3939--3943},
year={2009},
doi={10.1190/1.3255691},
}   

@article{druzhinin2001robust,
title={Robust Cross-equalization of 4{D}-4{C} PZ Migrated Data At Teal South},
author={Druzhinin, A and Macbeth, Colin},
journal={71st Annual International Meeting, SEG, Expanded Abstracts},
pages={10.1190/1.1816439},
year={2001},
doi={10.1190/1.1816439},
}
                      
@article{gallop2011midpoint,
title={Midpoint Match Filtering},
author={Gallop, Jeremy},
journal={81st Annual International Meeting, SEG, Expanded Abstracts},
pages={10.1190/1.3628077},
year={2011},
doi={10.1190/1.3628077},
}

@article{hoeber2005matching,
title={Matching of multiple time‐lapse data using multi‐coherence analysis},
author={Hoeber, Henning and Lecerf, D and Zaghouani, H and Whitcombe, D},
journal={75th Annual International Meeting, SEG, Expanded Abstracts},
pages={10.1190/1.2148209},
year={2005},
doi={10.1190/1.2148209},
}

@article{ross1996inside,
title={Inside the cross-equalization black box},
author={Ross, C P and Cunningham, G B and Weber, D P},
journal={Geophysics},
volume={15},
number={11},
issue={11},
pages={1233--1240},
year={1996},
doi={10.1190/1.1437231},
}    

@article{fomel2005a,
title={A Multistep Approach to Multicomponent Seismic Image Registration With Application to a West Texas Carbonate Reservoir Study},
author={Fomel, Sergey and Backus, Milo M and Fouad, Khaled and Hardage, Bob A and Winters, Glenn},
journal={75th Annual International Meeting, SEG, Expanded Abstracts},
pages={10.1190/1.2147852},
year={2005},
doi={10.1190/1.2147852},
}

@article{fomel2009time-lapse,
title={Time-lapse image registration using the local similarity attribute},
author={Fomel, Sergey and Jin, Long},
journal={Geophysics},
volume={74},
number={2},
issue={2},
pages={A7--A11},
year={2009},
doi={10.1190/1.3054136},
}

@article{fomel2007local,
title={Local seismic attributes},
author={Fomel, Sergey},
journal={Geophysics},
volume={72},
number={3},
issue={3},
pages={A29-A33},
year={2007},
doi={10.1190/1.2437573},
}

@Article{yangkang2015ortho,
  author={Yangkang Chen and Sergey Fomel},
  title = {Random noise attenuation using local signal-and-noise orthogonalization},
  journal={Geophysics},
  volume=80,
  year=2015,
  issue=6,
  number=6,
  pages={W{D}1-W{D}9},
}

@book{lumley1995seismic,
  title={Seismic time-lapse monitoring of subsurface fluid flow},
  author={Lumley, David E},
  number={91},
  year={1995},
  publisher={Ph.D. Thesis, Stanford University}
}
@incollection{lumley19954,
  title={4-D seismic monitoring of an active steamflood},
  author={Lumley, David E},
  booktitle={SEG Technical Program Expanded Abstracts 1995},
  pages={203--206},
  year={1995},
  publisher={Society of Exploration Geophysicists}
}

@article{chen2015random,
  title={Random noise attenuation using local signal-and-noise orthogonalization},
  author={Chen, Yangkang and Fomel, Sergey},
  journal={Geophysics},
  volume={80},
  number={6},
  issue={6},
  pages={WD1--WD9},
  year={2015},
  publisher={Society of Exploration Geophysicists},
  doi={org/10.1190/geo2014-0227.1}
}

@article{chen2014random,
  title={Random noise attenuation using local similarity},
  author={Chen, Yangkang and Fomel, Sergey},
  journal={84th Annual International Meeting, SEG, Expanded Abstracts},
  pages={4360--4365},
  year={2014},
  publisher={Society of Exploration Geophysicists}
  doi={org/10.1190/segam2014-0594.1}
}   


@article{tura2005monitoring,
title={Monitoring primary depletion reservoirs using amplitudes and time shifts from high-repeat seismic surveys},
author={Tura, Ali and Barker, Timothy and Cattermole, Paul and Collins, Chuck and Davis, Jerry and Hatchell, Paul and Koster, Klaas and Schutjens, Peter and Wills, Peter},
journal={Geophysics},
volume={24},
number={12},
issue={12},
pages={1214--1221},
year={2005},
doi={10.1190/1.2149620},
}

@article{rickett20074d,
title={4{D} time strain and the seismic signature of geomechanical compaction at {G}enesis},
author={Rickett, James and Duranti, Luca and Hudson, Tom and Regel, Bernard and Hodgson, Neil},
journal={Geophysics},
volume={26},
number={5},
issue={5},
pages={644--647},
year={2007},
doi={10.1190/1.2737103},
}

@article{fomel20091,
  author =	 {S[] Fomel},
  title =	 {Velocity analysis using {AB} semblance},
  year =	 2009,
  journal =	 {Geophysical Prospecting},
  volume={57},
 pages={311-321},
}

@article{fomel20094,
  author =	 {S[] Fomel and L[] Jin},
  title =	 {Time-lapse image registration using the local similarity attribute},
  journal = 	 {Geophysics},
  year = 	 2009,
  volume =	 74,
  issue=2,
  number=2,
  pages =	 {A7-A11},
}

@article{zhang2014scan,
title={Scan Shift Time Reduction Using Test Compaction for On-Chip Delay Measurement},
author={Zhang, Wenpo and Namba, Kazuteru and Ito, Hideo},
journal={IEICE Transactions on Information and Systems},
volume={97},
number={3},
issue={3},
pages={533--540},
year={2014},
doi={10.1587/transinf.E97.D.533},
}

@article{nguyen2015a,
title={A review on time-lapse seismic data processing and interpretation},
author={Nguyen, Phung K T and Nam, Myung Jin and Park, Chanho},
journal={Geosciences Journal},
volume={19},
number={2},
issue={2},
pages={375--392},
year={2015},
doi={10.1007/s12303-014-0054-2},
}

@article{decastro2016rapid,
title={Rapid high resolution imaging with a dual-channel scanning technique},
author={De Castro, Alberto and Huang, Gang and Sawides, Lucie and Luo, Ting and Burns, Stephen A},
journal={Optics Letters},
volume={41},
number={8},
issue={8},
pages={1881--1884},
year={2016},
doi={10.1364/OL.41.001881},
}  
