@Article{keshavan2010,
  author={R[] H[] Keshavan and A[] Montanari and S[] Oh},
  title = {Matrix completion from a few entries},
  journal={IEEE Transactions on Information Theory},
  year=2010,
  volume=56,
  issue=6,
  number=6,
  pages={2980-2998},
}

@Article{fomel2007shape,
  author={Sergey Fomel},
  title={Shaping regularization in geophysical-estimation problems},
  journal={Geophysics},
  year=2007,
  Volume=72,
  pages={R29-R36},
}

@Article{mostafa2011,
  author={M[] Naghizadeh and Mauricio D[] Sacchi},
  title={Seismic data interpolation and denoising in the frequency-wavenumber domain},
  journal={Geophysics},
  year=2011,
  volume=77,
  number=2,
  issue=2,
  pages={V71–V80},
}

@Article{siwei2015,
  author =	 { S[] Yu and J[] Ma and X[] Zhang and M[] Sacchi},
  title =	 { Denoising and interpolation of high-dimensional seismic data by learning tight frame },
  journal =	 {Geophysics},
  volume =	 80,
  year =	 2015,
  number =	 5,
  pages =	 {V119-V132},
}

@Article{mostafa2012,
  author={M[] Naghizadeh and Mauricio D[] Sacchi},
  title={Multicomponent seismic random noise attenuation via vector autoregressive operators},
  journal={Geophysics},
  year=2012,
  volume=78,
  number=2,
  issue=2,
  pages={V91–V99},
}

@Article{jinkun2015,
  author={Jinkun Cheng and Mauricio Sacchi},
  title = {Separation and reconstruction of simultaneous source data via iterative rank reduction},
  journal={Geophysics},
  year=2015,
  volume=80,
  issue=4,
  pages={V57-V66},
}

@Article{jianjun2013,
  author={Jianjun Gao and Mauricio D[] Sacchi and Xiaohong Chen},
  title = {A fast reduced-rank interpolation method for prestack seismic volumes that depend on four spatial dimensions},
  journal={Geophysics},
  year=2013,
  volume=78,
    issue=1,
  pages={V21-V30},
}

@Article{dai2010,
  author={W[] Dai and O[] Milenkovic},
  title = {SET: An algorithm for consistent matrix completion},
  journal={In Proceedings of ICASSP},
  year=2010
}
@article{svmc,
  author =	 {J[] F[] Cai and E[] J[] Cand\'{e}s and Z[] Shen},
  title =	 {A singular value thresholding algorithm for matrix completion},
  journal = 	 {SIAM J. Opt.},
  year = 	 2010,
  volume =	 20,
}
@incollection{aharchaou2017singular,
  title={Singular-spectrum analysis via optimal shrinkage of singular values},
  author={Aharchaou, Mehdi and Anderson, John and Hughes, Steve and Bingham, John},
  booktitle={SEG Technical Program Expanded Abstracts 2017},
  pages={4950--4954},
  year={2017},
  publisher={Society of Exploration Geophysicists}
}
@Book{golub1996,
  author =	 {G[] H[] Golub and C[] F[] Van{~}Loan},
  title =	 {Matrix computations (third edition)},
  publisher =	 {John Hopkins University Press},
  year =	 1996
}

@article{Sarwar02inc,
  added-at = {2009-06-22T17:28:38.000+0200},
  author = {Sarwar, Badrul and Karypis, George and Konstan, Joseph and Riedl, John},
  biburl = {https://www.bibsonomy.org/bibtex/2033d7f19620e30a73f69ca9cbc839615/lefteris8},
  booktitle = {Fifth International Conference on Computer and Information Science},
  interhash = {58eb4c2db8222427f079b50221a9b535},
  intrahash = {033d7f19620e30a73f69ca9cbc839615},
  keywords = {recommender_systems scalability svd},
  pages = {27--28},
  timestamp = {2009-06-22T17:28:40.000+0200},
  title = {Incremental Singular Value Decomposition Algorithms for Highly Scalable
	Recommender Systems},
  year = 2002
}
@Article{laura2010,
  author={Laura Balzano and Robert Nowak and Benjamin Recht},
  title = {Online Identification and Tracking of Subspaces from Highly Incomplete Information},
  journal={Communication, Control, and Computing (Allerton), 2010 48th Annual Allerton Conference on},
  year=2010,
  pages={704-711}
}

@Article{edelman1988,
  author={A[] Edelman and T[] A[] Arias and S[] T[] Smith},
  title = {The geometry of algorithms with orthogonality constraints},
  journal={SIAM Journal on Matrix Analysis and Applications},
  year=1988,
  volume=20,
  number=2,
  issue=2,
  pages={303-353}
}

@Article={yang,
  author={Y[] Liu and S[] Fomel},
  title={Seismic data analysis using local time-frequency decomposition},
  journal={Geophysical Prospecting},
  year=2012,
  pages={doi:10.1111/j.1365-2478.2012.01062.x},
}
@Article{beasleycj1998,
  author = {C[] J[] Beasley and R[] E[] Chambers and Z[] Jiang},
  title ={A new look at simultaneous sources},
  journal={68th Annual International Meeting, SEG, Expanded Abstracts},
  year=1998,
  pages={133-135},
}
@Article{sacchi1995,
  author={M[] Sacchi and T[] Ulrych},
  title ={High-resolution velocity gathers and offset space reconstruction},
  journal={Geophysics},
  volume=60,
  year=1995,
  pages={1169-1177},
}
@Article{jianfeng2010,
  author={J[] Cai and E[] J[] Cand\`{e}s and Z[] Shen},
  title={A singular value thresholding algorithm for matrix completion},
  journal={SIAM Journal on Optimization},
  year=2010,
  Volume=20,
  issue=4,
  pages={1956-1982},
}
@Article{Mayne62,
  author = 	 {W[] H[] Mayne},
  title = 	 {Common reflection point horizontal data stacking techniques},
  journal = 	 {Geophysics},
  year = 	 1962,
  volume =	 27,
  pages =	 {927-938}
}
@Article{candes2009,
  author={E[] J[] Cand\`{e}s and B[] Recht},
  title={Exact matrix completion via convex optimization},
  journal={Foundations of Computational Mathematics},
  year=2009,
  Volume=9,
  issue=6,
  pages={717-772},
}
@article{hongbo2015,
  author =	 {Hongbo Lin and Yue Li and Haitao Ma and Baojun Yang and Jun Dai},
  title =	 {Matching-Pursuit-Based Spatial-Trace Time-Frequency Peak Filtering for Seismic Random Noise Attenuation},
  year =	 2015,
  journal =	 {IEEE Geoscience and Remote Sensing Letters},
  volume =	 12,
  pages =	 {394-398},
}

@Article{chenwei2017iceemd,
  author={Wei Chen and Yangkang Chen and Zixiang Cheng},
  title = {Seismic time-frequency analysis using an improved empirical mode decomposition algorithm},
  journal={Journal of Seismic Exploration},
  year=2017,
  volume=26,
  number=4,
  issue=4,
  pages={367-380},
}

@Article{chenwei2017,
  author={Wei Chen and Dong Zhang and Yangkang Chen},
  title = {Random noise reduction using a hybrid method based on ensemble empirical mode decomposition},
  journal={Journal of Seismic Exploration},
  year=2017,
  number=26,
  issue=3,
  pages={227-249},
}
@Article{chenwei2017emd,
  author={Wei Chen and J[] Xie and S[] Zu and S[] Gan and Yangkang Chen},
  title = {Multiple reflections noise attenuation using adaptive randomized-order empirical mode decomposition},
  journal={IEEE Geoscience and Remote Sensing Letters},
  year=2017,
  volume=14,
  number=1,
  issue=1,
  pages={18-22},
}

@Article{shuwei2016ag,
  author={S[] Gan and S[] Wang and Y[] Chen and J[] Chen and W[] Zhong and C[] Zhang},
  title = {Improved random noise attenuation using f-x empirical mode decomposition and local similarity},
  journal={Applied Geophysics},
  year=2016,
  volume=13,
  pages={127-134},
}

@Article{yangkang2015enhemd,
  author={Yangkang Chen and Guoyin Zhang and Shuwei Gan and Chenglin Zhang},
  title = {Enhancing seismic reflections using empirical mode decomposition in the flattened domain},
  journal={Journal of Applied Geophysics},
  year=2015,
  volume=119,
  pages={99-105},
}

@Article{liuwei2016ewt,
  author={W. Liu and S. Cao and Y. Chen},
  title = {Seismic Time-frequency Analysis via Empirical Wavelet Transform
},
  journal={IEEE Geoscience and Remote Sensing Letters},
  year=2016,
  volume=13,
  pages={28-32},
}

@Article{gilles2013,
  author={J[] Gilles},
  title = {Empirical wavelet transform},
  journal={IEEE Transaction on Signal Process},
  volume={61},
  year=2013,
  pages={3999-4010},
}

@Article{wencheng2015stack,
  author={Wencheng Yang and Runqiu Wang and Jian Wu and Yangkang Chen and Shuwei Gan and Wei Zhong},
  title = {An efficient and effective common reflection surface stacking approach using local similarity and plane-wave flattening},
  journal={Journal of Applied Geophysics},
  year=2015,
  volume=117,
  pages={67-72},
}

@Article{yangkang2017ieee,
  author={Yangkang Chen and Yatong Zhou and Wei Chen and Shaohuan Zu and Weilin Huang and Dong Zhang},
  title = {Empirical low rank decomposition for seismic noise attenuation},
  journal={IEEE Transactions on Geoscience and Remote Sensing},
  year=2017,
  volume=55,
  number=8,
  issue=8,
  pages={4696-4711},
}

@Article{yatong2017ieee,
  author={Yatong Zhou and Chaojun Shi and Hanming Chen and Jianyong Xie and Guoning Wu and Yangkang Chen},
  title = {Spike-like blending noise attenuation using structural low-rank decomposition},
  journal={IEEE Geoscience and Remote Sensing Letters},
  year=2017,
  volume=14,
  number=9,
  issue=9,
  pages={1633-1637},
}

@Article{yufeng2017,
  author={Y[] Wang and H[] Zhou and S[] Zu and W[] Mao and Y[] Chen},
  title = {Three-operator proximal splitting scheme for 3{D} seismic data reconstruction},
  journal={IEEE Geoscience and Remote Sensing Letters},
  year=2017,
  volume=,
  number=,
  issue=,
  pages={doi:10.1109/LGRS.2017.2737786},
}

@Article{zhangdong2016seg,
  author={Dong Zhang and Yangkang Chen and Shuwei Gan},
  title ={Multidimensional seismic data reconstruction with multiple constraints},
  journal={86th Annual International Meeting, SEG, Expanded Abstracts},
  year=2016,
  pages={4801-4806},
}

@article{yatong2017,
  author =	 {Yatong Zhou},
  title =	 {A {POCS} method for iterative deblending constrained by a blending mask},
  year =	 2017,
  journal =	 {Journal of Applied Geophysics},
  volume =	 138,
  pages =	 {245-254},
}

@Article{liuwei2016dealiase,
  author={Wei Liu and Siyuan Cao and Shuwei Gan and Yangkang Chen and Shaohuan Zu and Zhaoyu Jin},
  title = {One-Step Slope Estimation for Dealiased Seismic Data Reconstruction via Iterative Seislet Thresholding},
  journal={IEEE Geoscience and Remote Sensing Letters},
  year=2016,
  volume=13,
  issue=10,
  pages={1462-1466},
}
@Article{shuwei20153,
  author={S[] Gan and Shoudong Wang and Yangkang Chen and Yizhuo Zhang and Zhaoyu Jin},
  title = {Dealiased Seismic Data Interpolation Using Seislet Transform With Low-Frequency Constraint},
  journal={IEEE Geoscience and Remote Sensing Letters},
  year=2015,
  volume=12,
  pages={2150-2154},
}


@Article{yaru2014,
  author={Yaru Xue and Jitao Ma and Xiaohong Chen},
  title={High-order sparse Radon transform for AVO-preserving data reconstruction},
  journal={Geophysics},
  year=2014,
  Volume=79,
  pages={V13-V22},
}

@article{amir2016,
  title={Sparse time-frequency representation for seismic noise reduction using low-rank and sparse decomposition},
  author={M[] A[] N[] Siahsar and Gholtashi, Saman and Kahoo, Amin Roshandel and Marvi, Hosein and Ahmadifard, Alireza},
  journal={Geophysics},
  volume={81},
  number={2},
  pages={V117--V124},
  year={2016},
  publisher={Society of Exploration Geophysicists}
}

@Article{weilin2016seg2,
  author={Weilin Huang and Runqiu Wang and Y[] Zhou and Yangkang Chen and R[] Yang},
  title={Improved principal component analysis for 3{D} seismic data simultaneous reconstruction and denoising},
  journal={86th Annual International Meeting, SEG, Expanded Abstracts},
  year=2016,
  pages={4777-4781},
}
@Article{weilin2015,
  author={Weilin Huang and Runqiu Wang and Ming Zhang and Yangkang Chen and J[] Yu},
  title = {Random noise attenuation for 3{D} seismic data by modified multichannel singular spectrum analysis},
  journal={77th Annual International Conference and Exhibition, EAGE, Extended Abstracts},
  year=2015,
  pages={DOI:10.3997/2214-4609.201412830.},
}

@Article{shuwei2015seg1,
  author={Shuwei Gan and Shoudong Wang and Yangkang Chen and Xiaohong Chen},
  title = {Deblending of distance separated simultaneous-source data using seislet frames in the shot domain},
  journal={SEG expanded abstracts: 85th Annual international meeting},
  year=2015,
  pages={65-70},
}

@Article{shuwei2015seg2,
  author={Shuwei Gan and Shoudong Wang and Yangkang Chen and Xiaohong Chen},
  title = {Seismic data reconstruction via fast projection onto convex sets in the seislet transform domain},
  journal={SEG expanded abstracts: 85th Annual international meeting},
  year=2015,
  pages={3814-3819},
}

@Article{zhangdong2016cseg,
  author={Dong Zhang and Yangkang Chen and Weilin Huang and Shuwei Gan},
  title={Multi-step reconstruction of 3{D} seismic data via an improved {MSSA} algorithm},
  journal={CPS/SEG Beijing 2016 International Geophysical Conference \& Exposition, SEG, Expanded Abstracts},
  year=2016,
  pages={745-749},
}
@Article{zhangdong2016eage,
  author={Dong Zhang and Yangkang Chen and Shuwei Gan},
  title = {Iterative reconstruction of 3{D} seismic data via multiple constraints},
  journal={78th Annual International Conference and Exhibition, EAGE, Extended Abstracts},
  year=2016,
  pages={DOI: 10.3997/2214-4609.201601241},
}

@Article{elad2006,
  author = 	 {M[] Elad and M[] Aharon},
  title = 	 {Image denoising via sparse and redundant representations over learned dictionaries},
  journal = 	 {IEEE Transactions on Image Processing},
  year = 	 2006,
  volume = 	 15,
  number = 	 12,
  pages = 	 {3736-3745}}

@Article{mairal2008,
  author = 	 {J[] Mairal and G[] Sapiro and M[] Elad},
  title = 	 {Learning multiscale sparse representations for image and video restoration},
  journal = 	 {SIAM Multiscale Modeling Simulation},
  year = 	 2008,
  volume = 	 7,
  number = 	 1,
  pages = 	 {214-241}}
  
@article{vautard1992singular,
  title={Singular-spectrum analysis: A toolkit for short, noisy chaotic signals},
  author={Vautard, Robert and Yiou, Pascal and Ghil, Michael},
  journal={Physica D: Nonlinear Phenomena},
  volume={58},
  number={1},
  pages={95--126},
  year={1992},
  publisher={Elsevier}
}

@Article{amir2017,
  author={M[] A[] N[] Siahsar and V[] Abolghasemi  and Yangkang Chen},
  title = {Simultaneous denoising and interpolation of 2D seismic data using data-driven non-negative dictionary learning},
  journal={Signal Processing},
  year=2017,
  volume=141,
  pages={309-321},
}
@Article{amir2017grsl,
  author={M[] A[] N[] Siahsar and S[] Gholtashi and E[] Olyaei and W[] Chen and Y[] Chen},
  title = {Simultaneous denoising and interpolation of 3{D} seismic data via damped data-driven optimal singular value shrinkage},
  journal={IEEE Geoscience and Remote Sensing Letters},
  year=2017,
  volume=14,
  number=7,
  issue=7,
  pages={1086-1090},
}
@Article{amir2017geo,
  author={M[] A[] N[] Siahsar and S[] Gholtashi and A[] R[] Kahoo and W[] Chen and Y[] Chen},
  title = {Data-driven multi-task sparse dictionary learning for noise attenuation of 3{D} seismic data},
  journal={Geophysics},
  year=2017,
  volume=82,
  number=6,
  issue=6,
  pages={doi: 10.1190/geo2017-0084.1},
}


@Article{kumar2015,
  author = 	 {A[] Kumar Verma and D[] Gurve},
  title = 	 {Image Decomposition Using Adaptive Empirical Wavelet Transform  
},
  journal = 	 {IOSR Journal of VLSI and Signal Processing},
  year = 	 2015,
  pages =	 {36-44},
  volume =    {5},
  number =    {1},
  issue=1,
}

@Article{fomel20132,
  author = 	 {S[] Fomel},
  title = 	 {Seismic data decomposition into spectral components using regularized nonstationary autoregression},
  journal = 	 {Geophysics},
  year = 	 2013,
  volume =	 78,
  pages =	 {O69-O76},
}

@Article{liuwei2017,
  author={Wei Liu and Siyuan Cao and Z[] Wang and X[] Kong and Yangkang Chen},
  title = {Spectral decomposition for hydrocarbon detection based on VMD and Teager-Kaiser energy},
  journal={IEEE Geoscience and Remote Sensing Letters},
  year=2017,
  volume=14,
  issue=4,
  number=4,
  pages={539-543},
}

@article{zhuang2015,
  author =	 {G[] Zhuang and Y[] Li and Y[] Liu and H[] Lin and H[] Ma and N[] Wu},
  title =	 {Varying-Window-Length {TFPF} in High-Resolution Radon Domain for Seismic Random Noise Attenuation},
  year =	 2015,
  journal =	 {IEEE Geoscience and Remote Sensing Letters},
  volume =	 12,
  pages =	 {404-408},
}
@Article{vrabie2004,
  author={V[] D[] Vrabie and J[] L[] Mars and T[] L[] Lacoume},
  title ={Modified SVD by means of ICA},
  journal={Signal Processing},
  year=2004,
  Volume=84,
  pages={645-652},
}

%
@Article{canales1984,
  author = {L[] Canales},
  title = {Random noise reduction},
  journal = {54th Annual International Meeting, SEG, Expanded Abstracts},
  year = 1984,
  pages ={525-527},
}

@Article{yanghua1999,
  author = 	 {Y[] Wang},
  title = 	 {Random noise attenuation using forward-backward linear prediction},
  journal = 	 {J. Seism. Explor.},
  year = 	 1999,
  volume =	 8,
  pages =	 {133-142},
}

@Article{kopecky2010,
  author = 	 {M. Kopecky},
  title = 	 {Ensemble Empirical Mode Decomposition: {Image} Data Analysis with White-noise Reflection},
  journal = 	 {Acta Polytechnica},
  year = 	 2010,
  volume = 	 50,
  number = 	 1,
  pages = 	 {49-56}}

@Article{yangkang2015ortho,
  author={Yangkang Chen and Sergey Fomel},
  title = {Random noise attenuation using local signal-and-noise orthogonalization},
  journal={Geophysics},
  volume=80,
  year=2015,
  number=6,
  pages={W{D}1-W{D}9},
}

@Article{berkhout2008,
  author = {A[] J[] Berkhout},
  title ={Changing the mindset in seismic data acquisition},
  journal={The Leading Edge},
  Volume=27,
  year=2008,
  pages={924-938},
}

@Article{yaru20172,
  author={Yaru Xue and Meixi Man and Shaohuan Zu and Fanglan Chang and Yangkang Chen},
  title = {Amplitude-preserving iterative deblending of simultaneous source seismic data using high-order Radon transform},
  journal={Journal of Applied Geophysics},
  year=2017,
  volume=139,
  pages={79-90},
}
@Article{yaru2016,
  author={Yaru Xue and Jing Yang and Jitao Ma and Yangkang Chen},
  title = {Amplitude-preserving nonlinear adaptive multiple attenuation using the high-order sparse Radon transform},
  journal={Journal of Geophysics and Engineering},
  year=2016,
  volume=13,
  pages={207-219},
}

%journal
@Article{liuwei2017,
  author={Wei Liu and Siyuan Cao and Z[] Wang and X[] Kong and Yangkang Chen},
  title = {Spectral decomposition for hydrocarbon detection based on VMD and Teager-Kaiser energy},
  journal={IEEE Geoscience and Remote Sensing Letters},
  year=2017,
  volume=14,
  issue=4,
  number=4,
  pages={539-543},
}

@Article{yangkang2017sgk,
  author={Yangkang Chen},
  title = {Fast dictionary learning for noise attenuation of multidimensional seismic data},
  journal={Geophysical Journal International},
  year=2017,
  volume=209,
  issue=1,
  pages={21-31},
}

@Article{weilin2017,
  author={Weilin Huang and Runqiu Wang and  Yimin Yuan and Shuwei Gan and Yangkang Chen},
  title = {Signal extraction using randomized-order multichannel singular spectrum analysis},
  journal={Geophysics},
  year=2017,
  volume=82,
  issue=2,
  pages={V59-V74},
}

@Article{yangkang2016irr3d,
  author={Yangkang Chen and Dong Zhang and Weilin Huang and Wei Chen},
  title = {An open-source Matlab code package for improved rank-reduction 3{D} seismic data denoising and reconstruction},
  journal={Computers \& Geosciences},
  year=2016,
  volume=95,
  pages={59-66},
}


@Article{yangkang2017lsrtm,
  author={Yangkang Chen and Hanming Chen and Kui Xiang and Xiaohong Chen},
  title = {Preserving the discontinuities in least-squares reverse time migration of simultaneous-source data},
  journal={Geophysics},
  year=2017,
  volume=82,
  issue=3,
  number=3,
  pages={S185-S196},
}
@Article{fomel2002pwd,
  author={Sergey Fomel},
  title={Application of plane-wave destruction filters},
  journal={Geophysics},
  year=2002,
  Volume=67,
  pages={1946-1960},
}

@Article{zhiguang2016,
  author={Zhiguang Xue and Yangkang Chen and Sergey Fomel and Junzhe Sun},
  title={Seismic imaging of incomplete data and simultaneous-source
data using least-squares reverse time migration with shaping regularization},
  journal={Geophysics},
  year=2016,
  volume=81,
  pages={S11-S20},
}

@Article{saleh2017,
  author={S[] Ebrahimi and A[] R[] Kahoo and Y[] Chen and M[] J[] Porsani},
  title = {A high-resolution weighted AB semblance for dealing with amplitude-variation-with-offset phenomenon},
  journal={Geophysics},
  year=2017,
  volume=82,
  issue=2,
  number=2,
  pages={V85-V93},
}

@Article{zhaoyu2016,
  author={Zhaoyu Jin and Mark Chapman and Xiaoyang Wu and Giorgos Papageorgiou},
  title = {Estimating gas saturation in a thin layer by using frequency-dependent amplitude versus offset modelling: Estimating gas saturation in a thin layer},
  journal={Geophysical Prospecting},
  year=2016,
  pages={DOI: 10.1111/1365-2478.12437},
}
@Article{qushan2014,
  author={Shan Qu and Hui Zhou and Hanming Chen and Shaohuan Zu and Ling Zhi},
  title={Separation of simultaneous vibroseis data},
  journal={84th Annual International Meeting, SEG, Expanded Abstracts},
  year=2014,
  pages={4340-4344}
}

@Article{xieqian2015eage,
  author={Qian Xie and Yangkang Chen and Guoyin Zhang and Shuwei Gan and Erying Wang},
  title = {Seismic Data Analysis Using Synchrosqueezeing Wavelet Transform - A Case Study Applied to Boonsville Field},
  journal={77th Annual International Conference and Exhibition, EAGE, Extended Abstracts},
  year=2015,
  pages={DOI: 10.3997/2214-4609.201412752},
}

@Article{xieqian2015eage2,
  author={Qian Xie and B[] Di and Y[] Chen and S[] Gan and S[] Jiao},
  title = {Simultaneous structure enhancing filtering and fault detection using plane wave prediction},
  journal={77th Annual International Conference and Exhibition, EAGE, Extended Abstracts},
  year=2015,
  pages={DOI: 10.3997/2214-4609.201412614},
}

@Article{yangkang2017lsrtm,
  author={Yangkang Chen and Hanming Chen and Kui Xiang and Xiaohong Chen},
  title = {Preserving the discontinuities in least-squares reverse time migration of simultaneous-source data},
  journal={Geophysics},
  year=2017,
  volume=82,
  issue=3,
  number=3,
  pages={S185-S196},
}

@Article{berkhout2008,
  author = {A[] J[] Berkhout},
  title ={Changing the mindset in seismic data acquisition},
  journal={The Leading Edge},
  Volume=27,
  year=2008,
  pages={924-938},
}
@Article{qushan2016seg,
  author={Shan Qu and D[] J[] Verschuur},
  title={Getting accurate time-lapse information using geology-constrained simultaneous joint migration-inversion},
  journal={86th Annual International Meeting, SEG, Expanded Abstracts},
  year=2016,
  pages={5451-5456}
}

@Article{qushan2017,
  author={Shan Qu and D[] Verschuur and Yangkang Chen},
  title={Full Waveform Inversion Using an Automatic Directional Total Variation Constraint},
  journal={78th Annual International Conference and Exhibition, EAGE, Extended Abstracts},
  year=2016,
  pages={DOI: 10.3997/2214-4609.201701340},
}

@Article{abma2015,
  author = 	 {Ray Abma and D[] Howe and M[] Foster and I[] Ahmed and M[] Tanis and Q[] Zhang and A[] Arogunmati and G[] Alexander},
  title = 	 {Independent simultaneous source acquisition and processing},
  journal = 	 {Geophysics},
  year = 	 2015,
  volume = 	 80,
  number = 	 6,
  pages = 	 {WD37-WD44}}
  
@Article{shaohuan2017jag,
  author={S[] Zu and H[] Zhou and Haolin Chen and Hao Zheng and Y[] Chen},
  title = {Two field trials for deblending of simultaneous source surveys: why we failed and why we succeeded?},
  journal={Journal of Applied Geophysics},
  year=2017,
  volume=143,
  pages={182-194},
}
@Article{shaohuan2017,
  author={S[] Zu and H[] Zhou and Q[] Li and H[] Chen and Q[] Zhang and Weijian Mao and Y[] Chen},
  title = {Shot-domain deblending using least-squares inversion},
  journal={Geophysics},
  year=2017,
  volume=82,
  number=4,
  issue=4,
  pages={V241-V256},
}

@Article{shaohuan2017gji,
  author={S[] Zu and H[] Zhou and W[] Mao and D[] Zhang and C[] Li and X[] Pan and Y[] Chen},
  title = {Iterative deblending of simultaneous-source data using a coherency-pass shaping operator},
  journal={Geophysical Journal International},
  year=2017,
  volume=211,
  issue=1,
  number=1,
  pages={541-557},
}

@Article{qushan2016,
  author={Shan Qu and Hui Zhou and Renwu Liu and Yangkang Chen and Shaohuan Zu and Sa Yu and Jiang Yuan and Yahui Yang},
  title = {Deblending of Simultaneous-source Seismic Data using Fast Iterative Shrinkage-thresholding Algorithm with Firm-thresholding},
  journal={Acta Geophysica},
  year=2016,
  volume=64,
  issue=4,
  pages={1064-1092},
}

@Article{qushan2015,
  author={Shan Qu and Hui Zhou and Yangkang Chen and Sa Yu and Hongjing Zhang and Jiang Yuan and Yahui Yang and Mo Qin},
  title = { An effective method for reducing harmonic distortion in correlated vibroseis data },
  journal={Journal of Applied Geophysics},
  year=2015,
  volume=115,
  pages={120-128},
}  


@Article{liuwei2016dealiase,
  author={Wei Liu and Siyuan Cao and Shuwei Gan and Yangkang Chen and Shaohuan Zu and Zhaoyu Jin},
  title = {One-Step Slope Estimation for Dealiased Seismic Data Reconstruction via Iterative Seislet Thresholding},
  journal={IEEE Geoscience and Remote Sensing Letters},
  year=2016,
  volume=13,
  issue=10,
  pages={1462-1466},
}

@Article{liuwei2016vmd,
  author={Wei Liu and Siyuan Cao and Yangkang Chen},
  title = {Applications of variational mode decomposition in seismic time-frequency analysis},
  journal={Geophysics},
  year=2016,
  volume=81,
  issue=5,
  pages={V365-V378},
}

@Article{liuwei20162,
  author={W[] Liu and S[] Cao and Y[] Chen and S[] Zu},
  title = {An effective approach to attenuate random noise based on compressive sensing and curvelet transform},
  journal={Journal of Geophysics and Engineering},
  year=2016,
  volume=13,
  issue=2,
  pages={135-145},
}

@article{liuwei2016sswt,
  author =	 {Wei Liu and Siyuan Cao and Yang Liu and Yangkang Chen},
  title =	 {Synchrosqueezing Transform and its applications in seismic data analysis},
  year =	 2016,
  journal =	 {Journal of Seismic Exploration},
  volume={25},
 pages=27-44,
}

@Article{liuwei2016,
  author={W. Liu and S. Cao and Y. Chen},
  title = {Seismic Time-frequency Analysis via Empirical Wavelet Transform
},
  journal={IEEE Geoscience and Remote Sensing Letters},
  year=2016,
  volume=13,
  pages={28-32},
}


%conference
@Article{liuwei2016eage,
  author={Wei Liu and Siyuan Cao and Y[] Chen},
  title = {Application of variational mode decomposition in random noise attenuation and time-frequency analysis of seismic data},
  journal={78th Annual International Conference and Exhibition, EAGE, Extended Abstracts},
  year=2016,
  pages ={DOI: 10.3997/2214-4609.201601249}
}

%self
@Article{liuwei2015,
  author = 	 {W[] Liu and S[] Cao and Y[] He},
  title = 	 {Ground roll attenuation using variational mode decomposition},
  journal = 	 { 77th Annual International Conference and Exhibition, EAGE, Extended Abstracts},
  year = 	 2015}
  
@Article{liuwei2015,
  author = 	 {W[] Liu and S[] Cao and G[] Li and Y[] He},
  title = 	 {Reconstruction of seismic data with missing traces based on local random sampling and curvelet transform},
  journal = 	 {Journal of Applied Geophysics},
  year = 	 2015,
  volume = 115,
  pages =	 {129-139},
}

@Article{chenwei2016,
  author={Wei Chen and Yangkang Chen and Wei Liu},
  title = {Ground roll attenuation using improved complete ensemble empirical mode decomposition},
  journal={Journal of Seismic Exploration},
  year=2016,
  volume=25,
  pages={485-495},
}

@Article{guochang2009,
author={G[] Liu and S[] Fomel and L[] Jin and X[] Chen},
title={Stacking seismic data using local correlation},
journal={Geophysics},
volume=74,
year=2009,
pages={V43-V48}
}

@Article{wencheng2015stack,
  author={Wencheng Yang and Runqiu Wang and Jian Wu and Yangkang Chen and Shuwei Gan and Wei Zhong},
  title = {An efficient and effective common reflection surface stacking approach using local similarity and plane-wave flattening},
  journal={Journal of Applied Geophysics},
  year=2015,
  volume=117,
  pages={67-72},
}
@Article{hermann2007,
 author =  {  F[] J[] Hermann and U[] Boniger and D[] J[] Verschuur},
 title =   {Non-linear primary-multiple separation with directional curvelet frames},
 journal = { Geophysical Journal International },
 year =    { 2007 },
 volume =  { 170 },
 pages =   { 781-799 }
}
@Article{guoning2017,
  author={Guoning Wu and Sergey Fomel and Yangkang Chen},
  title = {Data-driven time-frequency analysis of seismic data using non-stationary Prony method},
  journal={Geophysical Prospecting},
  year=2017,
  pages={10.1111/1365-2478.12530},
}

@Article{chenwei2017mf,
  author={Wei Chen and Jiang Yuan and Yangkang Chen and Shuwei Gan},
  title = {Preparing the initial model for iterative deblending by median filtering},
  journal={Journal of Seismic Exploration},
  year=2017,
  volume=26,
  number=1,
  issue=1,
  pages={25-47},
}

@Article{jingnan2017,
  author={Jingnan Li and Shangxu Wang and Dengfeng Yang and Genyang Tang and Yangkang Chen},
  title = {Subsurface attenuation estimation using a novel hybrid method based on FWE function and power spectrum},
  journal={Exploration Geophysics},
  year=2017,
  pages={doi: http://dx.doi.org/10.1071/EG16022},
}

@Article{yangkang2016dsd,
  author={Yangkang Chen and Jianwei Ma and Sergey Fomel},
  title ={Double-sparsity dictionary for seismic noise attenuation},
  journal={Geophysics},
  year=2016,
  volume=81,
  number=2,
  pages={V17-V30},
}

@Article{yangkang2015pnmo,
  author={Yangkang Chen and Zhaoyu Jin and Shuwei Gan and Wencheng Yang and Kui Xiang and Min Bai and Weilin Huang},
  title = {Iterative deblending using shaping regularization with a combined {PNMO-MF-FK} coherency filter},
  journal={Journal of Applied Geophysics},
  year=2015,
  volume=122,
  pages={18-27},
}

@Article{yangkang2015image,
  author={Yangkang Chen and Jiang Yuan and Shaohuan Zu and Shan Qu and Shuwei Gan},
  title = {Seismic imaging of simultaneous-source data using constrained least-squares reverse time migration},
  journal={Journal of Applied Geophysics},
  year=2015,
  volume=114,
  pages={32-35},
}

@article{weilin2017ieee2,
  title={Simultaneous Coherent and Random Noise Attenuation by Morphological Filtering With Dual-Directional Structuring Element},
  author={Huang, Weilin and Wang, Runqiu and Zhou, Yang and Chen, Xiaoqing},
  journal={IEEE Geoscience and Remote Sensing Letters},
  year={2017},
  pages={doi: 10.1109/LGRS.2017.2730849},
  publisher={IEEE}
}

@article{shuwei2016cs,
  title={Compressive sensing for seismic data reconstruction via fast projection onto convex sets based on seislet transform},
  author={Gan, Shuwei and Wang, Shoudong and Chen, Yangkang and Chen, Xiaohong and Huang, Weiling and Chen, Hanming},
  journal={Journal of Applied Geophysics},
  volume={130},
  pages={194--208},
  year={2016},
  publisher={Elsevier}
}

@Article{shuwei2016vscan,
  author={S[] Gan and Shoudong Wang and Yangkang Chen and Shan Qu and Shaohuan Zu},
  title = {Velocity analysis of simultaneous-source data using high-resolution semblance-coping with the strong noise},
  journal={Geophysical Journal International},
  year=2016,
  volume=204,
  pages={768-779},
}

@Article{qushan2015,
  author={Shan Qu and Hui Zhou and Yangkang Chen and Sa Yu and Hongjing Zhang and Jiang Yuan and Yahui Yang and Mo Qin},
  title = { An effective method for reducing harmonic distortion in correlated vibroseis data },
  journal={Journal of Applied Geophysics},
  year=2015,
  volume=115,
  pages={120-128},
}  

@Article{yanfei2011,
  author={Y[] Wang and J[] Cao and C[] Yang},
  title ={Recovery of seismic wavefields based on compressive sensing by an l1-norm constrained trust region method and the piecewise random subsampling},
  journal={Geophysical Journal International},
  year=2011,
  Volume=187,
  pages={199-213},
}

@Article{pratt1998,
  author={G[] Pratt and C[] Shin and G[] Hick},
  title={Gauss–Newton and full Newton methods in frequency–space seismic waveform inversion},
  journal={Geophysical Journal International},
  year=1998,
  Volume=133,
  pages={341-362},
}

@Article{yangkang2016irr5d,
  author={Yangkang Chen and Dong Zhang and Zhaoyu Jin and Xiaohong Chen and Shaohuan Zu and Weilin Huang and Shuwei Gan},
  title = {Simultaneous denoising and reconstruction of 5{D} seismic data via damped rank-reduction method},
  journal={Geophysical Journal International},
  year=2016,
  pages={1695-1717},
}

@Article{weilin2017sr,
  author={W[] Huang and R[] Wang and H[] Li  and Y[] Chen},
  title = {Unveiling the signals from extremely noisy microseismic data for high-resolution hydraulic fracturing monitoring},
  journal={Scientific Reports},
  year=2017,
  volume=7,
  pages={11996},
}

%86
@Article{weilin2017morph,
  author={W[] Huang and R[] Wang and D[] Zhang and Y[] Zhou and W[] Yang  and Y[] Chen},
  title = {Mathematical morphological filtering for linear noise attenuation of seismic data},
  journal={Geophysics},
  year=2017,
  volume=82,
  issue=6,
  number=6,
  pages={V369-V384},
}

@Article{weilin2017ieee,
  author={Weilin Huang and Runqiu Wang and Xiaohong Chen and Yangkang Chen},
  title = {Double least squares projections method for signal estimation},
  journal={IEEE Transactions on Geoscience and Remote Sensing},
  year=2017,
  volume=55,
  number=7,
  issue=7,
  pages={4111-4129},
}

@Article{weilin2017gji,
  author={W[] Huang and R[] Wang and S[] Zu  and Y[] Chen},
  title = {Low-frequency noise attenuation in seismic and microseismic data using mathematical morphological filtering},
  journal={Geophysical Journal International},
  year=2017,
  volume=212,
  pages={doi: 10.1093/gji/ggx371},
}



@Article{yangkang2016wfshape,
  author={Yangkang Chen and Zhaoyu Jin},
  title = {Simultaneously removing noise and increasing resolution of seismic data using waveform shaping},
  journal={IEEE Geoscience and remote sensing letters},
  year=2015,
  volume=13,
  number=1,
  pages={102-104},
}

@Article{yangkang2014emdsum,
  author={Y[] Chen and C[] Zhou and J[] Yuan and Z[] Jin},
  title = {Application of empirical mode decomposition to random noise attenuation of seismic data},
  journal={Journal of Seismic Exploration},
  year=2014,
  pages={481-495},
  volume = 23,
}
  
@Article{eemd,
  author={Z[] Wu and N[] E[] Huang},
  title={ Ensemble empirical mode decomposition: A noise-assisted data analysis method},
  journal={Advances in Adaptive Data Analysis},
  year=2009,
  volume=1,
  number=1,
  pages={1-41},
}

@Article{shaohuan2016gap,
  author={Shaohuan Zu and Hui Zhou and Yangkang Chen and Xiao Pan and Shuwei Gan and Dong Zhang},
  title = {Interpolating Big Gaps Using Inversion With Slope Constraint},
  journal={IEEE Geoscience and Remote Sensing Letters},
  year=2016,
  volume=13,
  issue=9,
  pages={1369-1373},
}

@article{yanhui2016,
  author =	 {Y[] Zhou and J[] Gao and W[] Chen and P[] Frossard},
  title =	 {Seismic Simultaneous Source Separation via Patchwise Sparse Representation},
  year =	 2016,
  journal =	 {IEEE Transactions on Geoscience and Remote Sensing},
  volume =	 54,
  issue=9,
  pages =	 {5271-5284},
}

@Article{yatong2017ieee,
  author={Yatong Zhou and Chaojun Shi and Hanming Chen and Jianyong Xie and Guoning Wu and Yangkang Chen},
  title = {Spike-like blending noise attenuation using structural low-rank decomposition},
  journal={IEEE Geoscience and Remote Sensing Letters},
  year=2017,
  volume=14,
  number=9,
  issue=9,
  pages={1633-1637},
}
@Article{yufeng2017,
  author={Y[] Wang and H[] Zhou and S[] Zu and W[] Mao and Y[] Chen},
  title = {Three-operator proximal splitting scheme for 3{D} seismic data reconstruction},
  journal={IEEE Geoscience and Remote Sensing Letters},
  year=2017,
  pages={doi:10.1109/LGRS.2017.2737786},
}

@article{gao2017five,
  title={Five-Dimensional Seismic Reconstruction Using Parallel Square Matrix Factorization},
  author={Gao, Jianjun and Cheng, Jinkun and Sacchi, Mauricio D},
  journal={IEEE Transactions on Geoscience and Remote Sensing},
  volume={55},
  number={4},
  pages={2124--2135},
  year={2017},
  publisher={IEEE}
}
@Article{abma2006,
  author={R[] Abma and N[] Kabir},
  title = {3{D} interpolation of irregular data with a {POCS} algorithm},
  journal={Geophysics},
  Volume=71,
  year=2006,
  pages={E91-E97},
}

@Article{mostafa2016geo,
  author={S[] Mostafa Mousavi and Charles A[] Langston and Stephen P[] Horton},
  title={Automatic microseismic denoising and onset detection using the synchrosqueezed continuous wavelet transform},
  journal={Geophysics},
  year=2016,
  volume=81,
  number=4,
  issue=4,
  pages={V341-V355},
}

@Article{candes20062,
  author={E[] J[] Cand\`{e}s and J[] Romberg and T[] Tao},
  title={Robust uncertainty principles: Exact signal reconstruction from highly incomplete frequency information},
  journal={IEEE Transactions on Information Theory},
  year=2006,
  Volume=52,
  pages={489-509},
}

@article{kazemi2016,
  author =	 {N[] Kazemi and E[] Bongajum and M[] D[] Sacchi},
  title =	 {Surface-consistent sparse multichannel blind deconvolution of seismic signals},
  year =	 2016,
  journal =	 {IEEE Transactions on Geoscience and Remote Sensing},
  volume =	 54,
  issue=6,
  pages =	 {3200-3207},
}

@article{huang2016,
  author =	 {Z[] Huang and J[] Zhang and T[] Zhao and Y[] Sun},
  title =	 {Synchrosqueezing {S}-transform and its application in seismic spectral decomposition},
  year =	 2016,
  journal =	 {IEEE Transactions on Geoscience and Remote Sensing},
  volume =	 54,
  issue=2,
  pages =	 {817-825},
}

@Article{mostafa2016jag,
  author={S[] Mostafa Mousavi and Charles A[] Langston},
  title={Adaptive noise estimation and suppression for improving microseismic event detection},
  journal={Journal of Applied Geophysics},
  year=2016,
  volume=132,
  pages={116-124},
}

@Article{mostafa2016bssa,
  author={S[] Mostafa Mousavi and Charles A[] Langston},
  title={Hybrid Seismic Denoising Using Higher-Order Statistics and Improved Wavelet Block Thresholding},
  journal={Bulletin of the Seismological Society of America},
  year=2016,
  volume=106,
  number=4,
  issue=4,
  pages={1380-1393},
}

@Article{mostafa2017geo,
  author={S[] Mostafa Mousavi and Charles A[] Langston},
  title={Automatic noise-removal/signal-removal based on general cross-validation thresholding in synchrosqueezed domain and its application on earthquake data},
  journal={Geophysics},
  year=2017,
  volume=82,
  number=4,
  issue=4,
  pages={V211-V227},
}

@Article{yangkang2016irr3d,
  author={Yangkang Chen and Dong Zhang and Weilin Huang and Wei Chen},
  title = {An open-source Matlab code package for improved rank-reduction 3{D} seismic data denoising and reconstruction},
  journal={Computers \& Geosciences},
  year=2016,
  volume=95,
  pages={59-66},
}

@Article{zhangdong2017,
  author={Dong Zhang and Yatong Zhou and Hanming Chen and Wei Chen and Shaohuan Zu and  and Yangkang Chen},
  title = {Hybrid rank-sparsity constraint model for simultaneous reconstruction and denoising of 3{D} seismic data},
  journal={Geophysics},
  year=2017,
  volume=82,
  number=5,
  issue=5,
  pages={V351-V367},
}

@Article{yaru2016dblend,
  author={Yaru Xue and Fanglan Chang and Dong Zhang and Yangkang Chen},
  title = {Simultaneous Sources Separation via an Iterative Rank-Increasing Method},
  journal={IEEE Geoscience and Remote Sensing Letters},
  year=2016,
  volume=13,
  number=12,
  issue=12,
  pages={1915 - 1919},
}

@article{huijian2016,
  author =	 {H[] Li and R[] Wang and S[] Cao and Yangkang Chen and Weilin Huang},
  title =	 {A method for low-frequency noise suppression based on mathematical morphology in microseismic monitoring},
  journal = 	 {Geophysics},
  year = 	 2016,
  volume =	81,
  number=3,
  pages =	 {V159-V167},
}
@Article{huijian20162,
  author={Huijian Li and R[] Wang and S[] Cao and Y[] Chen and N[] Tian and X[] Chen},
  title = {Weak signal detection using multiscale morphology in microseismic monitoring},
  journal={Journal of Applied Geophysics},
  year=2016,
  volume=133,
  pages={39-49},
}
@Article{yaru2016,
  author={Yaru Xue and Jing Yang and Jitao Ma and Yangkang Chen},
  title = {Amplitude-preserving nonlinear adaptive multiple attenuation using the high-order sparse Radon transform},
  journal={Journal of Geophysics and Engineering},
  year=2016,
  volume=13,
  pages={207-219},
}

@Article{shaohuan2016,
Author = {Shaohuan Zu and Hui Zhou and Yangkang Chen and and Shan Qu and Xiaofeng Zou and Haolin Chen and Renwu Liu},
Title = {A periodically varying code for improving deblending of simultaneous sources in marine acquisition},
Journal   = {Geophysics},
Year      = {2016},
Number    = {3},
Pages     = {V213-V225},
Volume    = {81},
}

@Article{trickett2008,
  author={S[] Trickett},
  title ={{F}-xy Cadzow noise suppression},
  journal={CSPG CSEG CWLS Convention},
  year=2008,
  pages={303-306},
}

@Article{zhangdong2016,
  author={D[] Zhang and Y[] Chen and W[] Huang and S[] Gan},
  title = {Multi-step damped multichannel singular spectrum analysis for simultaneous reconstruction and denoising of 3{D} seismic data},
  journal={Journal of Geophysics and Engineering},
  year=2016,
  volume=13,
  pages={704-720},
}

@Article{wencheng2015asa,
  author={W[] Yang and R[] Wang and Y[] Chen and J[] Wu and S[] Qu and J[] Yuan and S[] Gan},
  title = {Application of spectral decomposition using regularized non-stationary autoregression to random noise attenuation},
  journal={Journal of Geophysics and Engineering},
  year=2015,
  volume = 12,
  pages={175-187},
}

@Article{donoho1994,
  author={D[] L[] Donoho and I[] M[] Johnstone},
  title={Ideal spatial adaptation by wavelet shrinkage},
  journal={Biometrika},
  year=1994,
  volume=81,
  pages={425-455},
}

@Article{candes20061,
  author={E[] J[] Cand\`{e}s and L[] Demanet and D[] L[] Donoho and L[] Ying},
  title={Fast discrete curvelet transforms},
  journal={SIAM, Multiscale Modeling and Simulation},
  year=2006,
  Volume=5,
  pages={861-899},
}
@Article{fomel2010seislet,
  author = 	 {S[] Fomel and Y[] Liu},
  title = 	 {Seislet transform and seislet frame},
  journal = 	 {Geophysics},
  year = 	 2010,
  volume =	 75,
  pages =	 {V25-V38},
}

@Article{liuyang2009tvmf,
  author = 	 {Y[] Liu and Cai Liu and Dian Wang},
  title = 	 {A 1D time-varying median filter for seismic random, spike-like noise elimination},
  journal = 	 {Geophysics},
  year = 	 2009,
  volume =	 74,
  pages =	 {V17-V24},
}

@Article{liuyang2010,
author={Y[] Liu and S[] Fomel},
title={High-order seislet transform and its application of random noise attenuation},
journal={Geophysics},
volume=75,
year=2010,
pages={WB235-WB245}
}

@Article{liuyang2014,
  author =	 { Yang Liu and Sergey Fomel and Cai Liu},
  title =	 {Signal and noise separation in prestack seismic data using velocity-dependent seislet transform},
  journal =	 {Geophysics},
  year =	 2014,
  pages =	 {under review},
}

@Article{neelamani2008,
  author={Ramesh Neelamani and Anatoly I[] Baumstein and Dominique G[] Gillard and Mohamed T[] Hadidi and William L[] Soroka},
  title={	
Coherent and random noise attenuation using the curvelet transform},
  journal={The Leading Edge},
  year=2008,
  volume=27,
  pages={240-248},
}

@article{abma1995,
  author =	 {R[] Abma and J[] Claerbout},
  title =	 {Lateral prediction for noise attenuation by $t-x$ and $f-x$ techniques},
  year =	 1995,
  journal =	 {Geophysics},
  volume =	 60,
  pages =	 {1887-1896},
}

@Article{wencheng2015stack,
  author={Wencheng Yang and Runqiu Wang and Jian Wu and Yangkang Chen and Shuwei Gan and Wei Zhong},
  title = {An efficient and effective common reflection surface stacking approach using local similarity and plane-wave flattening},
  journal={Journal of Applied Geophysics},
  year=2015,
  volume=117,
  pages={67-72},
}

@Article{shuwei20164,
  author={S[] Gan and S[] Wang and Y[] Chen and J[] Chen and W[] Zhong and C[] Zhang},
  title = {Improved random noise attenuation using f−x empirical mode decomposition and local similarity},
  journal={Applied Geophysics},
  year=2016,
  volume=13,
  pages={127-134},
}

@Article{guochang2013,
author={G[] Liu and X[] Chen},
title={Noncausal f-x-y regularized nonstationary prediction filtering for random noise attenuation on 3{D} seismic data},
journal={Journal of Applied Geophysics},
volume=93,
year=2013,
pages={60-66}
}


@Article{guochang20112,
author={G[] Liu and X[] Chen and J[] Du and J[] Song},
title={Seismic noise attenuation using nonstationary polynomial fitting},
journal={Applied Geophysics},
volume=8,
number=1,
year=2011,
pages={18-26},
}

@Article{guochang2012,
  author={Guochang Liu and Xiaohong Chen and Jing Du and Kailong Wu},
  title ={Random noise attenuation using \emph{f-x} regularized nonstationary autoregression},
  journal={Geophysics},
  volume=77,
  year=2012,
  pages={V61-V69},
}

@Article{weilin2016,
  author={Weilin Huang and Runqiu Wang and  Yangkang Chen and Huijian Li and Shuwei Gan},
  title = {Damped Multichannel Singular Spectrum Analysis for 3{D} Random Noise Attenuation },
  journal={Geophysics},
  year=2016,
  volume=81,
  number=4,
  pages={V261-V270},
}

@Article{liuwei2016vmd,
  author={Wei Liu and Siyuan Cao and Yangkang Chen},
  title = {Applications of variational mode decomposition in seismic time-frequency analysis},
  journal={Geophysics},
  year=2016,
  volume=81,
  number=5,
  pages={V365-V378},
}


@Article{bekara2009,
  author = 	 {M[] Bekara and Mirko van~der~Baan},
  title = 	 {Random and coherent noise attenuation by empirical mode decomposition},
  journal = 	 {Geophysics},
  year = 	 2009,
  volume = 	 74,
  pages = 	 {V89-V98}}

@Article{yangkang20141,
  author={Yangkang Chen and Jitao Ma},
  title ={Random noise attenuation by \emph{f-x} empirical mode decomposition predictive filtering},
  journal={Geophysics},
  year=2014,
  Volume=79,
  pages={V81-V91},
}

@Article{yangkang2015shemd,
  author={Y[] Chen and S[] Gan and T[] Liu and J[] Yuan and Y[] Zhang and Z[] Jin},
  title = {Random noise attenuation by a selective hybrid approach using f-x empirical mode decomposition},
  journal={J. Geophys. Eng.},
  year=2015,
  volume=12,
  pages={12-25},
}

@Article{bekara2007,
  author = 	 {M Bekara and Mirko van~der~Baan},
  title = 	 {Local singular value decomposition for signal enhancement of seismic data},
  journal = 	 {Geophysics},
  year = 	 2007,
  volume = 	 72,
  number = 	 2,
  pages = 	 {V59-V65}}

@Article{yangkang2016emd,
  author={Yangkang Chen},
  title = {Dip-separated structural filtering using seislet thresholding and adaptive empirical mode decomposition based dip filter},
  journal={Geophysical Journal International},
  year=2016,
  volume=206,
  number=1,
  pages={457-469},
}

@Article{shuwei20163,
  author={S[] Gan and Shoudong Wang and Yangkang Chen and Xiaohong Chen},
  title = {Simultaneous-Source Separation Using Iterative Seislet-Frame Thresholding},
  journal={IEEE Geoscience and remote sensing letters},
  year=2016,
  volume=13,
  number=2,
  pages={197-201},
}

@Article{jinghuai2006,
  author = 	 {J[] Gao and J[] Mao and W[] Chen and Q[] Zheng},
  title = 	 {On the denoising method of prestack seismic data in wavelet domain},
  journal = 	 {Chinese J. Geophys},
  year = 	 2006,
  volume =	 49,
  number= 	 4,
  annote=        {in Chinese},
  pages =	 {1155-1163}
}
@Article{yangkangthesis,
  author = {Yangkang Chen},
  title ={Noise attenuation of seismic data from simultaneous-source acquisition},
  journal={PhD thesis, The University of Texas at Austin},
  year=2015,
}

@Article{zhangr2003,
  author = 	 {R[] Zhang and T[] Ulrych},
  title = 	 {Physical wavelet frame denoising},
  journal = 	 {Geophysics},
  year = 	 2003,
  volume = 	 68,
  pages = 	 {225-231}}


@Article{yangkang2015dbortho,
  author={Yangkang Chen},
  title = {Iterative deblending with multiple constraints based on shaping regularization},
  journal={IEEE Geoscience and Remote Sensing Letters},
  year=2015,
  volume=12,
  pages={2247-2251},
}

@Article{yangkang20142,
  author={Yangkang Chen and Sergey Fomel and Jingwei Hu},
  title ={Iterative deblending of simultaneous-source seismic data using seislet-domain shaping regularization},
  journal={Geophysics},
  year=2014,
  volume=79,
  number=5,
  pages={V179-V189},
}

%28
@Article{yangkang2016wfshape,
  author={Yangkang Chen and Zhaoyu Jin},
  title = {Simultaneously removing noise and increasing resolution of seismic data using waveform shaping},
  journal={IEEE Geoscience and remote sensing letters},
  year=2015,
  volume=13,
  number=1,
  pages={102-104},
}

@Article{shuwei2015,
  author={S[] Gan and Y[] Chen and S[] Zu and S[] Qu and W[] Zhong},
  title = {Structure-oriented singular value decomposition for signal enhancement of seismic data},
  journal={J. Geophys. Eng.},
  year=2015,
  volume=12,
  pages={262-272},
}
@Article{candes2010,
  author={E[] J[] Cand\`{e}s and Y Plan},
  title={A probabilistic and RIPless theory of compressed sensing},
  journal={IEEE Transactions on Information Theory},
  year=2010,
  Volume=57,
  pages={7235-7254},
}

@article{jianwei2011application,
  title={Application of total-variation-based curvelet shrinkage for three-dimensional seismic data denoising},
  author={Tang, Gang and Ma, Jianwei},
  journal={IEEE geoscience and remote sensing letters},
  volume={8},
  number={1},
  pages={103--107},
  year={2011},
  publisher={IEEE}
}

@article{amir2017ieee,
  title={Seismic Random Noise Attenuation Using Synchrosqueezed Wavelet Transform and Low-Rank Signal Matrix Approximation},
  author={Anvari, Rasoul and Siahsar, Mohammad Amir Nazari and Gholtashi, Saman and Kahoo, Amin Roshandel and Mohammadi, Mokhtar},
  journal={IEEE Transactions on Geoscience and Remote Sensing},
  year={2017},
  publisher={IEEE},
  pages={doi: 10.1109/TGRS.2017.2730228}
}

@Article{jianyong2017,
  author={Jianyong Xie and Wei Chen and Dong Zhang and Shaohuan Zu and Yangkang Chen},
  title = {Application of principal component analysis in weighted stacking of seismic data},
  journal={IEEE Geoscience and Remote Sensing Letters},
  year=2017,
  volume=14,
  number=8,
  issue=8,
  pages={1213-1217},
}

@Article{chenwei2016seg2,
  author={Wei Chen and Yangkang Chen and Wei Liu and Zixiang Cheng},
  title={Nonstationary signal decomposition via improved complete ensemble empirical mode decomposition and its application in ground roll noise attenuation},
  journal={86th Annual International Meeting, SEG, Expanded Abstracts},
  year=2016,
  pages={4139-4144}
}

@Article{weilin2017seg1,
  author={Weilin Huang and Runqiu Wang and Xiaoqing Chen and Shaohuan Zu and Yangkang Chen},
  title ={Damped sparse representation for seismic random noise attenuation},
  journal={87th Annual International Meeting, SEG, Expanded Abstracts},
  year=2017,
  pages={5079-5084},
}

@Article{shaohuan2015,
  author={Shaohuan Zu and Hui Zhou and Yangkang Chen and Y[] Liu and S[] Qu},
  title = {A periodically variational dithering code for improving deblending},
  journal={SEG expanded abstracts: 85th Annual international meeting},
  year=2015,
  pages={38-42},
}

@Article{yangkang2015emdseis,
  author={Yangkang Chen and Sergey Fomel},
  title ={E{MD}-seislet transform},
  journal={85th Annual International Meeting, SEG, Expanded Abstracts},
  year=2015,
  pages={4775-4778},
}

@Article{spitz1993,
  author={Simon Spitz},
  title={Adaptive Dip Filtering in the F-X Domain},
  journal={63rd Annual International Meeting, SEG, Expanded Abstracts},
  year=1993,
  pages={1181-1182},
}
@Article{mostafa2007,
  author={M[] Naghizadeh and Mauricio D[] Sacchi},
  title={Multistep autoregressive reconstruction of seismic records},
  journal={Geophysics},
  year=2007,
  volume=72,
  pages={V111-V118},
}
@Article{mssa,
  author={Vicente Oropeza and Mauricio Sacchi},
  title={Simultaneous seismic data denoising and reconstruction via multichannel singular spectrum analysis},
  journal = 	 {Geophysics},
  year = 	 2011,
  volume =	 76,
  pages =	 {V25-V32},
}

@Article{jinkun2016,
  author={Jinkun Cheng and Mauricio Sacchi},
  title = {Fast dual-domain reduced-rank algorithm for 3{D} deblending via randomized QR decomposition},
  journal={Geophysics},
  year=2014,
  volume=81,
  issue=1,
  pages={V89-V101},
}

@Article{yike2013,
  author={Yike Liu},
  title={Noise reduction by vector median filtering},
  journal={Geophysics},
  year=2013,
  volume=78,
  pages={V79-V87},
}

@Article{shuwei2016,
  author={S[] Gan and Shoudong Wang and Yangkang Chen and Xiaohong Chen and Kui Xiang},
  title = {Separation of simultaneous sources using a structural-oriented median filter in the flattened dimension},
  journal={Computers \& Geosciences},
  year=2016,
  volume=86,
  pages={46-54},
}

@Article{nlm,
  author = 	 {David Bonar and Mauricio Sacchi},
  title = 	 {Denoising seismic data using the nonlocal means algorithm},
  journal = 	 {Geophysics},
  year = 	 2012,
  volume =	 77,
  pages =	 {A5-A8}}

@Article{yangkang2014svmf,
  author={Y[] Chen},
  title = {Deblending using a space-varying median filter},
  journal={Explor. Geophys.},
  year=2015,
  volume = 46,
  pages={332-341},
}

@Article{liuwei2016,
  author={W[] Liu and S[] Cao and Y[] Chen and S[] Zu},
  title = {An effective approach to attenuate random noise based on compressive sensing and curvelet transform},
  journal={J. Geophys. Eng.},
  year=2016,
  volume=13,
  pages={135-145},
}

@Article{kahoo2009,
   author={A[] Kahoo and T[] R[] Siahkoohi},
   title={Random noise suppression from seismic data using time frequency peak filtering},
   journal={71st Annual International Conference and Exhibition, EAGE, Extended Abstracts},
   year=2009,
}

@Article{lin2013,
  author={H[] Lin and Y[] Li and B[] Yang and T[] Ma},
  title ={Random denoising and signal nonlinearity approach by time-frequency peak filtering using weighted frequency reassignment},
  journal={Geophysics},
  year=2013,
  Volume=78,
  pages={V229-V237},
}

@Article{vmd2014,
  author ={K[] Dragomiretskiy and D[] Zosso},
  title ={Variational mode decomposition},
  journal ={IEEE T. Signal Proces.},
  year = 2014,
  volume = 62,
  pages ={531-544}
}

@Article{liuwei2015,
  author = 	 {W[] Liu and S[] Cao and Y[] He},
  title = 	 {Ground roll attenuation using variational mode decomposition},
  journal = 	 {77th Annual International Conference and Exhibition, EAGE, Extended Abstracts},
  year = 	 2015}
}

@Article{wang2015,
  author = 	 {Y[] Wang and R[] Markert and J[] Xiang and W[] Zheng},
  title = 	 {Research on variational mode decomposition and its application in detecting rub-impact fault of the rotor system},
  journal = 	 {Mech. Syst. Signal Pr.},
  year = 	 2015,
  volume =	 {60-61},
  pages =	 {243-251}
}

@Article{upad2015,
  author = 	 {A[] Upadhyay and R[] B[] Pachori},
  title = 	 {Instantaneous voiced/non-voiced detection in speech signals based on variational mode decomposition},
  journal = 	 {J. Franklin I.},
  year = 	 2015,
  volume=      352,
  pages = 	 {2679-2707}
}

@Article{liuweivmd2016,
  author={W[] Liu and S[] Cao and Y[] Chen},
  title ={Applications of variational mode decomposition in seismic time-frequency analysis},
  journal={Geophysics},
  year=2016,
  Volume=81,
  pages={V365-V378},
}

@Article{hestenes1969,
  author = {M[] R[] Hestenes},
  title = {Multiplier and gradient methods},
  journal ={J. Optimiz. Theory App.},
  year = 1969,
  volume = 4,
  pages = {303-320}
}

@article{benfengpocs,
  author =	 {Benfeng Wang and R[] Wu and X[] Chen and J[] Li},
  title =	 {Simultaneous seismic data interpolation and denoising with a new adaptive method based on dreamlet transform},
  journal = 	 {Geophysical Journal International},
  year = 	 2015,
  volume =	 201,
  pages =	 {1180-1192},
}
@Article{benfeng2015,
  author={Benfeng Wang and Jingye Li and Xiaohong Chen},
  title={ A novel method for simultaneous seismic data interpolation and noise removal based on the $L_0$ constraint},
  journal={Journal of Seismic Exploration},
  year=2015,
  number=3,
  pages={187-204},
}

@Article{zhongwei2016,
  author={W[] Zhong and Y[] Chen and S[] Gan and J[] Yuan},
  title = {L1/2 Norm Regularization for 3{D} Seismic Data Interpolation },
  journal={Journal of Seismic Exploration},
  year=2016,
  pages={257-268},
}

@Article{qianping2016,
  author={Q[] Zhang and Y[] Chen and H[] Guan and J[] Wen},
  title = {Well-log constrained inversion for lithology characterization: a case study at the JZ25-1 oil field, China},
  journal={Journal of Seismic Exploration},
  year=2016,
  volume=25,
  number=2,
  pages={121-129},
}

@Article{wujiandemul2016,
  author={Jian Wu and Runqiu Wang and Yangkang Chen and Yizhuo Zhang and Shuwei Gan and Chao Zhou},
  title = {Multiples attenuation using shaping regularization with seislet domain sparsity constraint},
  journal={Journal of Seismic Exploration},
  year=2016,
  volume=25,
  pages={1-9},
}

@Article{shearer1,
  author = 	 {P[] M[] Shearer},
  title = 	 {Imaging global body wave phases by stacking long-period seismograms},
  journal = 	 {J. Geophy. Res.},
  year = 	 1991,
  volume = 	 96,
  number = 	 {B12},
  pages = 	 {20,535--20,324}}

@Article{shearer2,
  author = 	 {P[] M[] Shearer},
  title = 	 {Constraints on upper mantle discontinuities from observations
	of long period reflected and converted phases},
  journal = 	 {J. Geophy. Res.},
  year = 	 1991,
  volume = 	 96,
  number = 	 {B11},
  pages = 	 {18,147--18,182}}
%31
@article{liuwei2016sswt,
  author =	 {Wei Liu and Siyuan Cao and Yang Liu and Yangkang Chen},
  title =	 {Synchrosqueezing Transform and its applications in seismic data analysis},
  year =	 2016,
  journal =	 {Journal of Seismic Exploration},
  volume={25},
 pages=27-44,
}


%others
@Article{fangyu2016,
  author={Fangyu Li and H[] Zhou and T[] Zhao and K[] Marfurt},
  title={ Unconventional reservoir characterization based on spectrally corrected seismic attenuation estimation},
  journal={Journal of Seismic Exploration},
  year=2016,
  volume=25,
  issue=5,
  number=5,
  pages={447-461},
}

@Article{jsefwi2016,
  author={Y[] Li and Z[] Li and K[] Zhang and Y[] Lin},
  title={Frequency-domain full waveform inversion with rugged free surface based on variable grid finite-difference method},
  journal={Journal of Seismic Exploration},
  year=2016,
  volume=25,
  issue=6,
  number=6,
  pages={543-543},
}

@Article{jsedecon2016,
  author={C[] Liu and D[] Wang and B[] Hu and T[] Wang},
  title={Seismic deconvolution with shearlet sparsity constrained inversion},
  journal={Journal of Seismic Exploration},
  year=2016,
  volume=25,
  issue=5,
  number=5,
  pages={433-445},
}

@Article{jseica2016,
  author={L[] T[] Ikelle},
  title={Up-down separation of OBS wavefield using ICA techniques},
  journal={Journal of Seismic Exploration},
  year=2016,
  volume=25,
  issue=5,
  number=5,
  pages={419-432},
}

@Article{jseshale2016,
  author={X[] Wu and R[] Uden and M[] Chapman},
  title={Shale anisotropic elastic modeling and seismic reflections},
  journal={Journal of Seismic Exploration},
  year=2016,
  volume=25,
  issue=5,
  number=5,
  pages={419-432},
}


@Article{jsepssp2016,
  author={L[] Lines and P[] Daley and J[] Embleton and D[] Gray},
  title={PSSP waves - Their presence and possible utilization in seismic inversion},
  journal={Journal of Seismic Exploration},
  year=2016,
  volume=25,
  issue=6,
  number=6,
  pages={497-512},
}


@Article{jsejianwei2016,
  author={C[] Zhang and B[] Sun and H[] Yang and J[] Ma},
  title={A non-split perfectly matched layer absorbing boundary condition for the second-order wave equation modeling},
  journal={Journal of Seismic Exploration},
  year=2016,
  volume=25,
  issue=6,
  number=6,
  pages={513-525},
}

@Article{jsepm2016,
  author={C[] Chang and Y[] Chang and P[] Tseng and C[] Lin},
  title={Physical model study of reflection pitfalls and anisotropy parameter estimation in a transversely isotropic medium},
  journal={Journal of Seismic Exploration},
  year=2016,
  volume=25,
  issue=5,
  number=5,
  pages={399-399},
}

@Article{jsedemul2016,
  author={W[] Sun and H[] Wang},
  title={Water-layer-related demultiple method using constraints in the sparse, local TAU-P domain},
  journal={Journal of Seismic Exploration},
  year=2016,
  volume=25,
  issue=5,
  number=5,
  pages={463-483},
}

@Article{pstmjse2016,
  author={H[] Zhang and J[] Xu and Q[] Liu and J[] Zhang},
  title={Imaging 2D rugged topography seismic data: A topography PSTM approach integrated with residual static correction},
  journal={Journal of Seismic Exploration},
  year=2016,
  volume=25,
  issue=4,
  number=4,
  pages={339-358},
}

@Article{jsewe2016,
  author={C[] Ren and X[] Tian},
  title={Prestack migration based on asymmetric wave-equation extrapolation},
  journal={Journal of Seismic Exploration},
  year=2016,
  volume=25,
  issue=4,
  number=4,
  pages={375-397},
}

@Article{jseshearlet2016,
  author={D[] Kong and Z[] Peng and Y[] He and H[] Fan},
  title={Seismic random noise attenuation using directional total variation in the shearlet domain},
  journal={Journal of Seismic Exploration},
  year=2016,
  volume=25,
  issue=4,
  number=4,
  pages={321-338},
}

@Article{jsevscan2016,
  author={H[] Shen and Y[] Yan and C[] Chen and B[] Zhang},
  title={Multiple-transient Surface wave phase velocity analysis in expanded f-k domain and its application},
  journal={Journal of Seismic Exploration},
  year=2016,
  volume=25,
  issue=4,
  number=4,
  pages={299-319},
}

@Article{jserugekutta2016,
  author={C[] Zhang and L[] Chen},
  title={A symplectic partitioned Runge-Kutta method using the eighth-order NAD operator for solving the 2D elastic wave equation},
  journal={Journal of Seismic Exploration},
  year=2015,
  issue=24,
  issue=3,
  number=3,
  pages={205-230},
}


@Article{jsehessian2015,
  author={B[] He and G[] Wu},
  title={A slim approximate Hessian for perturbation velocity inversion with incomplete reflection data},
  journal={Journal of Seismic Exploration},
  year=2015,
  issue=24,
  issue=3,
  number=3,
  pages={281-304},
}


