@Article{yangkang20142,
  author={Yangkang Chen and Sergey Fomel and Jingwei Hu},
  title ={Iterative deblending of simultaneous-source seismic data using seislet-domain shaping regularization},
  journal={Geophysics},
  year=2014,
  volume=79,
  issue=5,
  pages={V179-V189},
}

@Article{guoyin2018,
  author={Guoyin Zhang and Zhizhang Wang and Yangkang Chen},
  title = {Deep learning for Seismic Lithology Prediction},
  journal={Geophysical Journal International},
  year=2018,
  volume=215,
  pages={1368–1387},
  doi={10.1093/gji/ggy344},
}

@Article{omar2020geo1,
  author={Omar M. Saad and Yangkang Chen},
  title = {Deep Denoising Autoencoder for Seismic Random Noise Attenuation},
  journal={Geophysics},
  year=2020,
  volume=85,
  issue=4,
  number=4,
  pages={V367–V376},
  doi={10.1190/geo2019-0468.1},
}

@article{2010Imaging,
  title={Imaging diffraction points using the local image matrices generated in prestack migration},
  author={ Zhu, Xiaosan  and  Wu, Ru Shan },
  journal={Geophysics},
  volume={75},
  number={1},
  issue={1},
  pages={S1-S9},
  year={2010},
  doi={10.1190/1.3277252},
}

@article{Peng2018Accurate,
  title={Accurate diffraction imaging for detecting small-scale geologic discontinuitiesDiffraction imaging for discontinuities},
  author={Peng Lin and Suping Peng and Jingtao Zhao and Xiaoqin Cui and Wenfeng Du},
  journal={Geophysics},
  volume={83},
  number={5},
  issue={5},
  pages={S447-S457},
  year={2018},
  doi={10.1190/geo2017-0545.1},
}

@article{2016Diffraction,
  title={Diffraction imaging method by Mahalanobis-based amplitude damping},
  author={ Zhao, Jingtao  and  Peng, Suping  and  Du, Wenfeng  and  Li, Xiaoting },
  journal={Geophysics},
  volume={81},
  number={6},
  issue={6},
  pages={S399-S408},
  year={2016},
  doi={10.1190/geo2015-0692.1},
}

@article{2020Separation,
  title={Separation and imaging of seismic diffractions using a localized rank-reduction method with adaptively selected ranks},
  author={ Wang, Hang  and  Liu, Xingye  and  Chen, Yangkang },
  journal={Geophysics},
  volume={85},
  number={6},
  issue={6},
  pages={V497-V506},
  year={2020},
  doi={10.1190/geo2020-0215.1},
}

@book{1994Theory,
  title={Theory of Seismic Diffractions},
  author={ Klem-Musatov, Kamill  and  Hron, Franta  and  Lines, Larry },
  year={1994},
  publisher={Society of Exploration Geophysicists},
  doi={10.1190/1.9781560802617},
}

@article{2007Post,
  title={Post-stack velocity analysis by separation and imaging of seismic diffraction},
  author={ Fomel, Sergey  and  Landa, Evgeny  and  Taner, M. Turhan },
  journal={Geophysics},
  volume={72},
  number={6},
  issue={6},
  pages={U89-U94},
  year={2007},
}

@article{decker2015carbonate,
  title={Carbonate reservoir characterization using seismic diffraction imaging},
  author={Decker, Luke and Janson, Xavier and Fomel, Sergey},
  journal={Interpretation},
  volume={3},
  number={1},
  pages={SF21--SF30},
  year={2015},
  publisher={Society of Exploration Geophysicists and American Association of Petroleum~…}
}

@Article{wanghang2020tgrs2,
  author={Hang Wang and Guangtan Huang and Yangkang Chen},
  title = {Robust nonstationary local slope estimation},
  journal={IEEE Transactions on Geoscience and Remote Sensing},
  year=2021,
  volume=59,
  issue=7,
  number=7,
  pages={6225-6233},
  doi={10.1109/TGRS.2020.3021375},
}

@Article{shaohuan2017,
  author={S[] Zu and H[] Zhou and Q[] Li and H[] Chen and Q[] Zhang and Weijian Mao and Y[] Chen},
  title = {Shot-domain deblending using least-squares inversion},
  journal={Geophysics},
  year=2017,
  volume=82,
  number=4,
  issue=4,
  pages={V241-V256},
}

@article{li2014large,
  title={Large-scale Nystr{\"o}m kernel matrix approximation using randomized SVD},
  author={Li, Mu and Bi, Wei and Kwok, James T and Lu, Bao-Liang},
  journal={IEEE transactions on neural networks and learning systems},
  volume={26},
  number={1},
  pages={152--164},
  year={2014},
  publisher={IEEE}
}

@Article{yangkang2017ieee,
  author={Yangkang Chen and Yatong Zhou and Wei Chen and Shaohuan Zu and Weilin Huang and Dong Zhang},
  title = {Empirical low rank decomposition for seismic noise attenuation},
  journal={IEEE Transactions on Geoscience and Remote Sensing},
  year=2017,
  volume=55,
  number=8,
  issue=8,
  pages={4696-4711},
}

@Article{shaohuan2017gji,
  author={S[] Zu and H[] Zhou and W[] Mao and D[] Zhang and C[] Li and X[] Pan and Y[] Chen},
  title = {Iterative deblending of simultaneous-source data using a coherency-pass shaping operator},
  journal={Geophysical Journal International},
  year=2017,
  volume=211,
  issue=1,
  number=1,
  pages={541-557},
}

@article{janson2013outcrop,
  title={Outcrop-based 3{D} geological and reservoir model of the uppermost Khuff Formation in central Saudi Arabia},
  author={Janson, X and Lucia, FJ and Bellian, JA and AbuBshai, AA and Al-Dukhayyail, RK and Mueller III, HW and Cantrell, D},
  journal={Permo-Triassic sequence of the Arabian Plate: EAGE, Special Publication},
  pages={269--302},
  year={2013}
}
@article{merzlikin2017analytical,
  title={Analytical path-summation imaging of seismic diffractions},
  author={Merzlikin, Dmitrii and Fomel, Sergey},
  journal={Geophysics},
  volume={82},
  number={1},
  pages={S51--S59},
  year={2017},
  publisher={GeoScienceWorld}
}

@article{tyiasning2016comparison,
  title={A comparison of diffraction imaging to incoherence and curvature},
  author={Tyiasning, Stephanie and Merzlikin, Dmitrii and Cooke, Dennis and Fomel, Sergey},
  journal={The Leading Edge},
  volume={35},
  number={1},
  pages={86--89},
  year={2016},
  publisher={Society of Exploration Geophysicists}
}

@incollection{janson2010ultra,
  title={An ultra-deep paleokarst system in the Ordovician, North-Central Tarim Basin, China: Outcrop analog and synthetic seismic models},
  author={Janson, Xavier and Zeng, Hongliu and Loucks, Bob and Wang, Quizhong and Wang, Chunyang and Li, Shunxin and Yang, Tao and Xia, Yiping and Xu, Ligui},
  booktitle={SEG Technical Program Expanded Abstracts 2010},
  pages={1531--1534},
  year={2010},
  publisher={Society of Exploration Geophysicists}
}

@article{zeng2011characterizing,
  title={Characterizing seismic bright spots in deeply buried, Ordovician paleokarst strata, Central Tabei uplift, Tarim Basin, Western China},
  author={Zeng, Hongliu and Wang, Guizhong and Janson, Xavier and Loucks, Robert and Xia, Yiping and Xu, Ligui and Yuan, Bingheng},
  journal={Geophysics},
  volume={76},
  number={4},
  pages={B127--B137},
  year={2011},
  publisher={Society of Exploration Geophysicists}
}



@article{2011Diffraction,
  title={Diffraction Imaging as an Interpretation Tool},
  author={ Tsingas, Constantine  and  Marhfoul, Bouchaib El  and  Satti, Sara  and  Dajani, Abdulfattah },
  journal={First Break},
  volume={29},
  pages={57-61},
  year={2011},
  doi={10.3997/1365-2397.2011035},
}

@article{2017Accessing,
  title={Accessing the diffracted wavefield by coherent subtraction},
  author={ Benjamin Schwarz  and  Dirk Gajewski },
  journal={Geophysical Journal International},
  volume={211},
  pages={45-49},
  year={2017},
  doi={10.1093/gji/ggx291},
}

@article{1987A,
  title={A METHOD FOR DETECTION OF DIFFRACTED WAVES ON COMMON-OFFSET SECTIONS},
  author={ Landa, E.  and  Shtivelman, V.  and  Gelchinsky, B. },
  journal={Geophysical Prospecting},
  volume={35},
  number={4},
  issue={4},
  pages={359-373},
  year={1987},
  doi={10.1111/gpr.1987.35.issue-4},
}

@article{1988Imaging,
  title={Imaging discontinuities on seismic sections},
  author={ Kanasewich, Ernest R.  and  Phadke, Suhas M. },
  journal={Geophysics},
  volume={53},
  number={3},
  issue={3},
  pages={334-345},
  year={1988},
  doi={10.1190/1.1442467},
}

@article{2009Diffraction,
  title={Diffraction imaging by multifocusing},
  author={ Berkovitch, Alex  and  Belfer, Igor  and  Hassin, Yehuda  and  Landa, Evgeny },
  journal={Geophysics},
  volume={74},
  number={6},
  issue={6},
  pages={WCA75-WCA81},
  year={2009},
  doi={10.1190/1.3198210},
}

@article{2011Common,
  title={Common-reflection-surface-based workflow for diffraction imaging},
  author={ Dell, Sergius  and  Gajewski, Dirk },
  journal={Geophysics},
  volume={76},
  number={5},
  issue={5},
  pages={S187-S195},
  year={2011},
  doi={10.1190/geo2010-0229.1},
}

@article{2012Separation,
  title={Separation and imaging of seismic diffractions using migrated dip-angle gathers},
  author={ Klokov, Alexander  and  Fomel, Sergey },
  journal={Geophysics},
  volume={77},
  number={6},
  issue={6},
  pages={S131-S143},
  year={2012},
  doi={10.1190/geo2012-0017.1},
}

@article{2013Diffraction,
  title={Diffraction traveltime approximation for TI media with an inhomogeneous background},
  author={ Waheed, Umair Bin  and  Alkhalifah, Tariq  and  Stovas, Alexey },
  journal={Geophysics},
  volume={78},
  number={5},
  issue={5},
  pages={WC103-WC111},
  year={2013},
  doi={10.1190/GEO2012-0413.1},
}

@article{20132D,
  title={2D common‐offset traveltime based diffraction enhancement and imaging},
  author={ Asgedom, Endrias G.  and Leiv ‐J. Gelius and  Tygel, Martin },
  journal={Geophysical Prospecting},
  volume={61},
  number={6},
  issue={6},
  pages={1178-1193},
  year={2013},
  doi={10.1111/1365-2478.12057},
}

@article{Coimbra2018Enhancement,
  title={Enhancement of diffractions in prestack domain by means of a finite-offset double-square-root traveltime},
  author={Coimbra, Tiago A. and Faccipieri, Jorge H. and Speglich, João H. and Gelius, Leiv J. and Tygel, Martin},
  journal={Geophysics},
  volume={84},
  number={2},
  issue={2},
  pages={V81-V96},
  year={2018},
  doi={10.1190/geo2018-0160.1},
}

@article{2018Common,
  title={Common-reflection-surface-based prestack diffraction separation and imaging},
  author={Bakhtiari, Rad Parsa  and  Schwarz, Benjamin  and  Gajewski, Dirk  and  Vanelle, Claudia },
  journal={Geophysics},
  volume={83},
  number={1},
  issue={1},
  pages={S47-S55},
  year={2018},
  doi={10.1190/geo2016-0445.1},
}

@article{2018Fast,
  title={Fast and robust common-reflection-surface parameter estimation},
  author={ Waldeland, Anders U.  and  Zhao, Hao  and  Faccipieri, Jorge H.  and  Schistad Solberg, Anne H.  and  Gelius, Leiv J. },
  journal={Geophysics},
  volume={83},
  number={1},
  issue={1},
  pages={O1-O13},
  year={2018},
  doi={10.1190/geo2017-0113.1},
}

@article{20193D,
  title={3{D} diffraction imaging with Kirchhoff time migration using vertical-traveltime-difference gathers},
  author={ Li, Zhengwei  and  Zhang, Jianfeng },
  journal={Geophysics},
  volume={84},
  number={6},
  issue={6},
  pages={S555-S566},
  year={2019},
  doi={10.1190/geo2018-0630.1},
}

@article{2020Least,
  title={Least-squares diffraction imaging using shaping regularization by anisotropic smoothing},
  author={ Merzlikin, Dmitrii  and  Fomel, Sergey  and  Wu, Xinming },
  journal={Geophysics},
  volume={85},
  number={5},
  issue={5},
  pages={S313-S325},
  year={2020},
  doi={10.1190/geo2019-0741.1},
}

@article{2019Coherent,
  title={Coherent wavefield subtraction for diffraction separation},
  author={ Schwarz, Benjamin },
  journal={Geophysics},
  volume={84},
  number={3},
  issue={3},
  pages={V157-V168},
  year={2019},
  doi={10.1190/geo2018-0368.1},
}

@article{2007Post,
  title={Post-stack velocity analysis by separation and imaging of seismic diffraction},
  author={ Fomel, Sergey  and  Landa, Evgeny  and  Taner, M. Turhan },
  journal={Geophysics},
  volume={72},
  number={6},
  issue={6},
  pages={U89-U94},
  year={2007},
  doi={10.1190/1.2370052},
}

@article{Sergey2002Applications,
  title={Applications of plane-wave destruction filters},
  author={Sergey Fomel},
  journal={Geophysics},
  volume={67},
  number={6},
  issue={6},
  pages={1946–1960},
  year={2002},
  doi={10.1190/1.1527095},
}

@article{2011Azimuthally,
  title={Azimuthally Anisotropic 3{D} Velocity Continuation},
  author={ Burnett, William  and  Fomel, Sergey },
  journal={International Journal of Geophysics},
  volume={2011},
  pages={1-8},
  year={2011},
  doi={10.1155/2011/484653},
}

@article{2013Recovering,
  title={Recovering diffractions in CRS stacked sections},
  author={ Faccipieri, J. H.  and  Serrano, D. Rueda  and  Gelius, L. J.  and  Tygel, M. },
  journal={First Break},
  volume={31},
  number={5},
  issue={5},
  pages={65-69},
  year={2013},
  doi={10.3997/1365-2397.2013014},
}

@article{2014Diffraction,
  title={Diffraction imaging using shot and opening-angle gathers: A prestack time migration approach},
  author={ Zhang, Jianfeng  and  Zhang, Jiangjie },
  journal={Geophysics},
  volume={79},
  number={2},
  issue={2},
  pages={S23-S33},
  year={2014},
  doi={10.1190/geo2013-0016.1},
}

@article{2013Coal,
  title={Coal seismic diffraction fault imaging: results from numerical modelling},
  author={Sun, Weijia  and  Zhou, Binzhong },
  journal={ASEG Extended Abstracts},
  volume={2013},
  number={1},
  issue={1},
  pages={1-5},
  year={2013},
}

@article{Binzhong2018seismic,
author = {Binzhong Zhou and Weijia Sun},
title = {Seismic diffraction imaging for improved coal structure detection in complex geological environments},
journal = {ASEG Extended Abstracts},
volume = {2018},
number = {1},
issue={1},
pages = {1-5},
year  = {2018},
doi = {10.1071/ASEG2018abM2\_1A},
}

@article{2018l1,
  title={L1-norm regularization and wavelet transform: An improved plane-wave destruction method},
  author={ Lin, Peng  and  Peng, Suping  and  Zhao, Jingtao  and  Cui, Xiaoqin  and  Wang, Huaihong },
  journal={Journal of Applied Geophysics},
  volume={10},
  pages={16-22},
  year={2018},
  doi={10.1016/j.jappgeo.2017.11.004},
}

@article{2020Inspiration,
  title={Inspiration for Seismic Diffraction Modelling, Separation, and Velocity in Depth Imaging},
  author={Bashir, Yasir  and  Muztaza, Nordiana Mohd  and  Alashloo, Seyed Yaser Moussavi  and  Ali, Syed Haroon  and  Ghosh, Deva Prasad },
  journal={Applied Sciences-Basel},
  volume={10},
  number={12},
  issue={12},
  pages={4391},
  year={2020},
  doi={10.3390/app10124391},
}

@article{2008Separation,
  title={Separation, imaging, and velocity analysis of seismic diffractions using migrated dip-angle gathers},
  author={ Landa, Evgeny  and  Fomel, Sergey  and  Reshef, Moshe },
  journal={78th Annual International Meeting, SEG, Expanded Abstracts},
  pages={2176-2180},
  year={2008},
  doi={10.1190/1.3059318},
}

@article{2010Nonlinear,
  title={Nonlinear structure-enhancing filtering using plane-wave prediction},
  author={ Liu, Yang  and  Fomel, Sergey  and  Liu, Guochang },
  journal={Geophysical Prospecting},
  volume={58},
  number={3},
  issue={3},
  pages={415-427},
  year={2010},
  doi={10.1111/j.1365-2478.2009.00840.x},
}

@article{2018Dip,
  title={Dip-separated structural filtering using seislet transform and adaptive empirical mode decomposition based dip filter},
  author={ Chen, Yangkang },
  journal={Geophysical Journal International},
  volume={206},
  number={1},
  issue={1},
  pages={457-469},
  year={2018},
  doi={10.1093/gji/ggw165},
}

@article{2015Diffraction,
  title={Diffraction imaging by uniform asymptotic theory and double exponential fitting},
  author={Zhao, Jingtao  and  Wang, Yanfei  and  Yu, Caixia },
  journal={Geophysical Prospecting},
  volume={63},
  number={2},
  issue={2},
  pages={338-353},
  year={2015},
  doi={10.1111/1365-2478.12199},
}

@article{2020Diffraction,
  title={Diffraction separation and imaging using multichannel singular-spectrum analysis},
  author={ Lin, Peng  and  Peng, Suping  and  Zhao, Jingtao  and  Cui, Xiaoqin },
  journal={Geophysics},
  volume={85},
  number={1},
  issue={1},
  pages={V11-V24},
  year={2020},
}

@article{2016Imaging,
  title={Imaging diffractors using wave-equation migration},
  author={ Liu, Lu  and  Vincent, Etienne  and  Ji, Xu  and  Qin, Fuhao  and  Luo, Yi },
  journal={Geophysics},
  volume={81},
  number={6},
  issue={6},
  pages={S459-S468},
  year={2016},
  doi={10.1190/geo2016-0029.1},
}

@article{2019Efficient,
  title={Efficient wave-equation-based diffraction imaging},
  author={ Zhang, Dongliang  and  Fei, Tong W.  and  Tsingas, Constantine  and  Luo, Yi },
  journal={Geophysics},
  volume={84},
  number={5},
  issue={5},
  pages={S389-S399},
  year={2019},
  doi={10.1190/geo2018-0568.1},
}

@article{2020Periodic,
  title={Periodic plane-wave least-squares reverse time migration for diffractions},
  author={ Li, Chuang  and  Gao, Jinghuai  and  Gao, Zhaoqi  and  Wang, Rongrong  and  Yang, Tao },
  journal={Geophysics},
  volume={85},
  number={4},
  issue={4},
  pages={S185-S198},
  year={2020},
  doi={10.1190/geo2019-0211.1},
}

@article{2021Diffraction,
  title={Diffraction-angle filtering of gradient for acoustic full-waveform inversion},
  author={ JuWon Oh and Jiubing Cheng and DongJoo Min },
  journal={Geophysics},
  volume={86},
  number={},
  issue={},
  pages={1-87},
  year={2021},
  doi={10.1190/geo2019-0801.1},
}

@article{2010Separation,
  title={Diffraction imaging for fracture detection: synthetic case study},
  author={Alexander Klokov and Reda Baina and Evgeny Landa and Pierre Thore and Issam Tarrass},
  journal={80th Annual International Meeting, SEG, Expanded Abstracts},
  pages={3354-3358},
  year={2010},
  doi={10.1190/1.3513545},
}
@Article{weilin2016dmssa,
  author={Weilin Huang and Runqiu Wang and  Yangkang Chen and Huijian Li and Shuwei Gan},
  title = {Damped Multichannel Singular Spectrum Analysis for 3{D} Random Noise Attenuation },
  journal={Geophysics},
  year=2016,
  volume=81,
  issue=4,
  number=4,
  pages={V261-V270},
}
@article{Chen2016Simultaneous,
  title={Simultaneous denoising and reconstruction of 5-{D} seismic data via damped rank-reduction method},
  author={Yangkang Chen and Dong Zhang and Zhaoyu Jin and Xiaohong Chen and Shaohuan Zu and Weilin Huang and Shuwei Gan},
  journal={Geophysical Journal International},
  volume={206},
  number={3},
  issue={3},
  pages={1695 - 1717},
  year={2016},
  doi={10.1093/gji/ggw230},
}

@article{Vicente2011Simultaneous,
  title={Simultaneous seismic data denoising and reconstruction via multichannel singular spectrum analysis},
  author={Oropeza1 Vicente and Sacchi1 Mauricio},
  journal={Geophysics},
  volume={76},
  number={3},
  issue={3},
  pages={V25-V32},
  year={2011},
  doi={10.1190/1.3552706},
}

@article{2019Obtaining,
  title={Obtaining free USArray data by multi-dimensional seismic reconstruction},
  author={ Chen, Yangkang  and  Bai, Min  and  Chen, Yunfeng },
  journal={Nature Communications},
  volume={10},
  pages={4434},
  year={2019},
  doi={10.1038/s41467-019-12405-0},
}

@article{2011Simultaneous,
  title={Simultaneous seismic data denoising and reconstruction via multichannel singular spectrum analysis},
  author={ Oropeza, Vicente  and  Sacchi, Mauricio },
  journal={Geophysics},
  volume={76},
  number={3},
  issue={3},
  pages={V25-V32},
  year={2011},
  doi={10.1190/1.3552706},
}

@article{Chen2016An,
  title={An open-source Matlab code package for improved rank-reduction 3{D} seismic data denoising and reconstruction.},
  author={Chen, Yangkang and Huang, Weilin and Zhang, Dong and Chen, Wei},
  journal={Computers \& Geosciences},
  volume={95},
  pages={59-66},
  year={2016},
  doi={10.1016/j.cageo.2016.06.017},
}

@Article{oboue2021geo2,
  author={Yapo Abol\'{e} Serge Innocent Obou\'{e} and Yangkang Chen}, 
  title = {Enhanced low-rank matrix estimation for simultaneous denoising and reconstruction of five-dimensional seismic data},
  journal={Geophysics},
  year=2021,
  volume=86,
  issue=5,
  number=5,
  pages={V459–V470},
  doi={10.1190/geo2020-0773.1},
}

@Article{shucai2020,
  author={Shucai Li and Bin Liu and Yuxiao Ren and Yangkang Chen and Senlin Yang and Yunhai Wang and Peng Jiang},
  title = {Deep learning Inversion of Seismic Data},
  journal={IEEE Transactions on Geoscience and Remote Sensing},
  year=2020,
  volume=58,
  number=3,
  issue=3,
  pages={2135-2149},
  doi={10.1109/TGRS.2019.2953473},
}

@Article{yangkang2019nc,
  author={Yangkang Chen and Min Bai and Yunfeng Chen},
  title = {Obtaining free {USA}rray data by multi-dimensional seismic reconstruction},
  journal={Nature Communications},
  year=2019,
  volume=10,
  number=1,
  issue=1,
  pages={4434},
  doi={10.1038/s41467-019-12405-0},
}

@Article{chenwei2021geo,
  author={Wei Chen and Hang Wang and Liuqing Yang and Xingye Liu and Yangkang Chen},
  title = {Non-stationary local slope estimation via forward-backward space derivative calculation},
  journal={Geophysics},
  year=2022,
  volume=87,
  issue=1,
  number=1,
  pages={doi: 10.1190/geo2021.0255.1},
  doi={},
}

@Article{chenwei2021tgrs2,
  author={Wei Chen and Liuqing Yang and Xingye Liu and Hang Wang and Yangkang Chen},
  title = {Large dip calculation via robust non-stationary plane-wave destruction},
  journal={IEEE Transactions on Geoscience and Remote Sensing},
  year=2021,
  volume=59,
  issue=10,
  number=10,
  pages={doi: 10.1109/TGRS.2021.307090},
  doi={10.1109/TGRS.2021.307090},
}



@Article{oboue2021geo1,
  author={Yapo Abol\'{e} Serge Innocent Obou\'{e} and Wei Chen and Hang Wang and Yangkang Chen}, 
  title = {Robust damped rank-reduction method for simultaneous denoising and reconstruction of 5-D seismic data},
  journal={Geophysics},
  year=2021,
  volume=86,
  issue=1,
  number=1,
  pages={V71–V89},
  doi={10.1190/geo2020-0032.1},
}

@Article{weilin2017mmf,
  author={W[] Huang and R[] Wang and D[] Zhang and Y[] Zhou and W[] Yang  and Y[] Chen},
  title = {Mathematical morphological filtering for linear noise attenuation of seismic data},
  journal={Geophysics},
  year=2017,
  volume=82,
  issue=6,
  number=6,
  pages={V369-V384},
}

@Article{weilin2017dlsp,
  author={Weilin Huang and Runqiu Wang and Xiaohong Chen and Yangkang Chen},
  title = {Double least squares projections method for signal estimation},
  journal={IEEE Transactions on Geoscience and Remote Sensing},
  year=2017,
  volume=55,
  number=7,
  issue=7,
  pages={4111-4129},
}

@article{lin2020diffraction,
  title={Diffraction separation and imaging using multichannel singular-spectrum analysis},
  author={Lin, Peng and Peng, Suping and Zhao, Jingtao and Cui, Xiaoqin},
  journal={Geophysics},
  volume={85},
  number={1},
  pages={V11--V24},
  year={2020},
  publisher={Society of Exploration Geophysicists}
}

@article{2004Diffraction,
  title={Diffraction imaging by focusing-defocusing: An outlook on seismic superresolution},
  author={ Khaidukov, V.  and  Landa, E.  and  Moser, T. J. },
  journal={Geophysics},
  volume={69},
  number={6},
  issue={6},
  pages={1478-1490},
  year={2004},
  doi={10.1190/1.1836821},
}

@article{Zheng2014A,
  title={A novel edge detection for buried target extraction after SVD-2D wavelet processing},
  author={ Zheng, Jing  and  Peng, Su Ping  and  Yang, Feng },
  journal={Journal of Applied Geophysics},
  volume={106},
  pages={106-113},
  year={2014},
  doi={10.1016/j.jappgeo.2014.04.016},
}
