@article{abma20063d,
	title={3{D} interpolation of irregular data with a POCS algorithm},
	author={Abma, Ray and Kabir, Nurul},
	journal={Geophysics},
	volume={71},
	number={6},
	pages={E91--E97},
	year={2006},
	publisher={Society of Exploration Geophysicists}
}
@article{adamo20143d,
	title={3{D} Interpolation Using Hankel Tensor Completion By Orthogonal Matching Pursuit},
	author={Adamo, A and Mazzucchelli, P},
	journal={Gruppo Nazionale di Geofisica della Terra Solida GNGTS},
	pages={5--11},
	year={2014}
}
@Article{yangkang2019nc,
  author={Yangkang Chen and Min Bai and Yunfeng Chen},
  title = {Obtaining free {USA}rray data by multi-dimensional seismic reconstruction},
  journal={Nature Communications},
  year=2019,
  volume=10,
  number=1,
  issue=1,
  pages={4434},
  doi={10.1038/s41467-019-12405-0}}
@article{al2006application,
	title={Application of the partial karhunen-lo{\`e}ve transform to suppress random noise in seismic section1},
	author={Al-Yahaya, Kamal M},
	journal={Geophysical prospecting},
	volume={39},
	number={1},
	pages={77--93},
	year={2006},
	publisher={European Association of Geoscientists \& Engineers}
}
@article{shuwei2016cs,
  title={Compressive sensing for seismic data reconstruction via fast projection onto convex sets based on seislet transform},
  author={Gan, Shuwei and Wang, Shoudong and Chen, Yangkang and Chen, Xiaohong and Huang, Weiling and Chen, Hanming},
  journal={Journal of Applied Geophysics},
  volume={130},
  pages={194--208},
  year={2016},
  publisher={Elsevier}
}
@Article{fomel2010seislet,
  author = 	 {S[] Fomel and Y[] Liu},
  title = 	 {Seislet transform and seislet frame},
  journal = 	 {Geophysics},
  year = 	 2010,
  volume =	 75,
  issue=3,
  number=3,
  pages =	 {V25-V38},}

@Article{amir2017geo,
  author={M[] A[] N[] Siahsar and S[] Gholtashi and A[] R[] Kahoo and W[] Chen and Y[] Chen},
  title = {Data-driven multi-task sparse dictionary learning for noise attenuation of 3{D} seismic data},
  journal={Geophysics},
  year=2017,
  volume=82,
  number=6,
  issue=6,
  pages={V385-V396},
}
@article{candes20061,
  title={Fast discrete curvelet transforms},
  author={Candes, Emmanuel and Demanet, Laurent and Donoho, David and Ying, Lexing},
  journal={Multiscale Modeling \& Simulation},
  volume={5},
  number={3},
  pages={861--899},
  year={2006},
  publisher={SIAM}
}
@article{bekara2007local,
	title={Local singular value decomposition for signal enhancement of seismic data},
	author={Bekara, Ma{\"\i}za and Van der Baan, Mirko},
	journal={Geophysics},
	volume={72},
	number={2},
	pages={V59--V65},
	year={2007},
	publisher={Society of Exploration Geophysicists}
}
@article{cai2014data,
	title={Data-driven tight frame construction and image denoising},
	author={Cai, Jian-Feng and Ji, Hui and Shen, Zuowei and Ye, Gui-Bo},
	journal={Applied and Computational Harmonic Analysis},
	volume={37},
	number={1},
	pages={89--105},
	year={2014},
	publisher={Elsevier}
}
@article{candes2010matrix,
	title={Matrix completion with noise},
	author={Candes, Emmanuel J and Plan, Yaniv},
	journal={Proceedings of the IEEE},
	volume={98},
	number={6},
	pages={925--936},
	year={2010},
	publisher={IEEE}
}
@article{candes2006robust,
	title={Robust uncertainty principles: Exact signal reconstruction from highly incomplete frequency information},
	author={Cand{\`e}s, Emmanuel J and Romberg, Justin and Tao, Terence},
	journal={IEEE Transactions on information theory},
	volume={52},
	number={2},
	pages={489--509},
	year={2006},
	publisher={IEEE}
}
@article{candes2009exact,
	title={Exact matrix completion via convex optimization},
	author={Cand{\`e}s, Emmanuel J and Recht, Benjamin},
	journal={Foundations of Computational mathematics},
	volume={9},
	number={6},
	pages={717},
	year={2009},
	publisher={Springer}
}
@article{candes2010power,
	title={The power of convex relaxation: Near-optimal matrix completion},
	author={Cand{\`e}s, Emmanuel J and Tao, Terence},
	journal={IEEE Transactions on Information Theory},
	volume={56},
	number={5},
	pages={2053--2080},
	year={2010},
	publisher={IEEE}
}
@article{canning1998reducing,
	title={Reducing 3-{D} acquisition footprint for 3-{D} DMO and 3-{D} prestack migration},
	author={Canning, Anat and Gardner, Gerald HF},
	journal={Geophysics},
	volume={63},
	number={4},
	pages={1177--1183},
	year={1998},
	publisher={Society of Exploration Geophysicists}
}
@article{cao2011review,
	title={A review on restoration of seismic wavefields based on regularization and compressive sensing},
	author={Cao, Jingjie and Wang, Yanfei and Zhao, Jingtao and Yang, Changchun},
	journal={Inverse Problems in Science and Engineering},
	volume={19},
	number={5},
	pages={679--704},
	year={2011},
	publisher={Taylor \& Francis}
}
@article{chai2014root,
	title={Root mean square error (RMSE) or mean absolute error (MAE)?--Arguments against avoiding RMSE in the literature},
	author={Chai, Tianfeng and Draxler, Roland R},
	journal={Geoscientific model development},
	volume={7},
	number={3},
	pages={1247--1250},
	year={2014},
	publisher={Copernicus GmbH}
}
@article{chen2017fast,
	title={Fast dictionary learning for noise attenuation of multidimensional seismic data},
	author={Chen, Yangkang},
	journal={Geophysical Journal International},
	volume={209},
	number={1},
	pages={21--31},
	year={2017},
	publisher={Oxford University Press}
}
@article{chen2014iterative,
	title={Iterative deblending of simultaneous-source seismic data using seislet-domain shaping regularization},
	author={Chen, Yangkang and Fomel, Sergey and Hu, Jingwei},
	journal={Geophysics},
	volume={79},
	number={5},
	pages={V179--V189},
	year={2014},
	publisher={Society of Exploration Geophysicists}
}
@article{chen2015random,
	title={Random noise attenuation using local signal-and-noise orthogonalization},
	author={Chen, Yangkang and Fomel, Sergey},
	journal={Geophysics},
	volume={80},
	number={6},
	pages={WD1--WD9},
	year={2015},
	publisher={Society of Exploration Geophysicists}
}
@article{chen2016open,
	title={An open-source Matlab code package for improved rank-reduction 3{D} seismic data denoising and reconstruction},
	author={Chen, Yangkang and Huang, Weilin and Zhang, Dong and Chen, Wei},
	journal={Computers \& Geosciences},
	volume={95},
	pages={59--66},
	year={2016},
	publisher={Elsevier}
}
@article{chen2016double,
	title={Double-sparsity dictionary for seismic noise attenuation},
	author={Chen, Yangkang and Ma, Jianwei and Fomel, Sergey},
	journal={Geophysics},
	volume={81},
	number={2},
	pages={V103--V116},
	year={2016},
	publisher={Society of Exploration Geophysicists}
}
@article{chen2016simultaneous,
	title={Simultaneous denoising and reconstruction of 5-{D} seismic data via damped rank-reduction method},
	author={Chen, Yangkang and Zhang, Dong and Jin, Zhaoyu and Chen, Xiaohong and Zu, Shaohuan and Huang, Weilin and Gan, Shuwei},
	journal={Geophysical Journal International},
	volume={206},
	number={3},
	pages={1695--1717},
	year={2016},
	publisher={Oxford University Press}
}
@article{chiu2014multidimensional,
	title={Multidimensional interpolation using a model-constrained minimum weighted norm interpolation},
	author={Chiu, Stephen K},
	journal={Geophysics},
	volume={79},
	number={5},
	pages={V191--V199},
	year={2014},
	publisher={Society of Exploration Geophysicists}
}
@incollection{crawley1999interpolation,
	title={Interpolation with smoothly nonstationary prediction-error filters},
	author={Crawley, Sean and Clapp, Robert and Claerbout, Jon},
	booktitle={SEG Technical Program Expanded Abstracts 1999},
	pages={1154--1157},
	year={1999},
	publisher={Society of Exploration Geophysicists}
}
@inproceedings{da2014low,
	title={Low-rank Promoting Transformations and Tensor Interpolation-Applications to Seismic Data Denoising},
	author={Da Silva, Curt and Herrmann, Felix J},
	booktitle={76th EAGE Conference and Exhibition 2014},
	year={2014}
}
@article{donoho1995noising,
	title={De-noising by soft-thresholding},
	author={Donoho, David L},
	journal={IEEE transactions on information theory},
	volume={41},
	number={3},
	pages={613--627},
	year={1995},
	publisher={IEEE}
}
@article{daubechies2004iterative,
	title={An iterative thresholding algorithm for linear inverse problems with a sparsity constraint},
	author={Daubechies, Ingrid and Defrise, Michel and De Mol, Christine},
	journal={Communications on Pure and Applied Mathematics: A Journal Issued by the Courant Institute of Mathematical Sciences},
	volume={57},
	number={11},
	pages={1413--1457},
	year={2004},
	publisher={Wiley Online Library}
}
@article{dedem20053d,
	title={3{D} surface-related multiple prediction: A sparse inversion approach},
	author={Dedem, EJ van and Verschuur, DJ},
	journal={Geophysics},
	volume={70},
	number={3},
	pages={V31--V43},
	year={2005},
	publisher={Society of Exploration Geophysicists}
}
@article{duijndam1999reconstruction,
	title={Reconstruction of band-limited signals, irregularly sampled along one spatial direction},
	author={Duijndam, AJW and Schonewille, MA and Hindriks, COH},
	journal={Geophysics},
	volume={64},
	number={2},
	pages={524--538},
	year={1999},
	publisher={Society of Exploration Geophysicists}
}
@article{elad2005simultaneous,
	title={Simultaneous cartoon and texture image inpainting using morphological component analysis (MCA)},
	author={Elad, Michael and Starck, J-L and Querre, Philippe and Donoho, David L},
	journal={Applied and Computational Harmonic Analysis},
	volume={19},
	number={3},
	pages={340--358},
	year={2005},
	publisher={Elsevier}
}
@incollection{ely20135d,
	title={5{D} and 4{D} pre-stack seismic data completion using tensor nuclear norm (TNN)},
	author={Ely, Gregory and Aeron, Shuchin and Hao, Ning and Kilmer, Misha E},
	booktitle={SEG Technical Program Expanded Abstracts 2013},
	pages={3639--3644},
	year={2013},
	publisher={Society of Exploration Geophysicists}
}
@article{ely20155d,
	title={5{D} seismic data completion and denoising using a novel class of tensor decompositions},
	author={Ely, Gregory and Aeron, Shuchin and Hao, Ning and Kilmer, Misha E},
	journal={Geophysics},
	volume={80},
	number={4},
	pages={V83--V95},
	year={2015},
	publisher={Society of Exploration Geophysicists}
}
@article{figueiredo2003algorithm,
	title={An EM algorithm for wavelet-based image restoration},
	author={Figueiredo, M{\'a}rio AT and Nowak, Robert D},
	journal={IEEE Transactions on Image Processing},
	volume={12},
	number={8},
	pages={906--916},
	year={2003},
	publisher={IEEE}
}
@article{fomel2003seismic,
	title={Seismic reflection data interpolation with differential offset and shot continuation},
	author={Fomel, Sergey},
	journal={Geophysics},
	volume={68},
	number={2},
	pages={733--744},
	year={2003},
	publisher={Society of Exploration Geophysicists}
}
@article{fomel2010seislet,
	title={Seislet transform and seislet frame: Geophysics, 75},
	author={Fomel, S and Liu, Y},
	journal={V25--V38},
	year={2010}
}

@article{freire1988application,
	title={Application of singular value decomposition to vertical seismic profiling},
	author={Freire, Sergio LM and Ulrych, Tad J},
	journal={Geophysics},
	volume={53},
	number={6},
	pages={778--785},
	year={1988},
	publisher={Society of Exploration Geophysicists}
}
@article{gan2015dealiased,
	title={Dealiased seismic data interpolation using seislet transform with low-frequency constraint},
	author={Gan, Shuwei and Wang, Shoudong and Chen, Yangkang and Zhang, Yizhuo and Jin, Zhaoyu},
	journal={IEEE Geoscience and remote sensing letters},
	volume={12},
	number={10},
	pages={2150--2154},
	year={2015},
	publisher={IEEE}
}
@article{gan2015structure,
	title={Structure-oriented singular value decomposition for random noise attenuation of seismic data},
	author={Gan, Shuwei and Chen, Yangkang and Zu, Shaohuan and Qu, Shan and Zhong, Wei},
	journal={Journal of Geophysics and Engineering},
	volume={12},
	number={2},
	pages={262--272},
	year={2015},
	publisher={Oxford University Press}
}
@article{gan2015simultaneous,
	title={Simultaneous-source separation using iterative seislet-frame thresholding},
	author={Gan, Shuwei and Wang, Shoudong and Chen, Yangkang and Chen, Xiaohong},
	journal={IEEE Geoscience and remote sensing letters},
	volume={13},
	number={2},
	pages={197--201},
	year={2015},
	publisher={IEEE}
}
@article{gan2016compressive,
	title={Compressive sensing for seismic data reconstruction via fast projection onto convex sets based on seislet transform},
	author={Gan, Shuwei and Wang, Shoudong and Chen, Yangkang and Chen, Xiaohong and Huang, Weiling and Chen, Hanming},
	journal={Journal of Applied Geophysics},
	volume={130},
	pages={194--208},
	year={2016},
	publisher={Elsevier}
}
@article{gao2013fast,
	title={A fast reduced-rank interpolation method for prestack seismic volumes that depend on four spatial dimensions},
	author={Gao, Jianjun and Sacchi, Mauricio D and Chen, Xiaohong},
	journal={Geophysics},
	volume={78},
	number={1},
	pages={V21--V30},
	year={2013},
	publisher={Society of Exploration Geophysicists}
}
@article{gao2015parallel,
	title={Parallel matrix factorization algorithm and its application to 5{D} seismic reconstruction and denoising},
	author={Gao, Jianjun and Stanton, Aaron and Sacchi, Mauricio D},
	journal={Geophysics},
	volume={80},
	number={6},
	pages={V173--V187},
	year={2015},
	publisher={Society of Exploration Geophysicists}
}
@article{gulunay2003seismic,
	title={Seismic trace interpolation in the Fourier transform domain},
	author={G{\"u}l{\"u}nay, Necati},
	journal={Geophysics},
	volume={68},
	number={1},
	pages={355--369},
	year={2003},
	publisher={Society of Exploration Geophysicists}
}
@article{halko2011finding,
	title={Finding structure with randomness: Probabilistic algorithms for constructing approximate matrix decompositions},
	author={Halko, Nathan and Martinsson, Per-Gunnar and Tropp, Joel A},
	journal={SIAM review},
	volume={53},
	number={2},
	pages={217--288},
	year={2011},
	publisher={SIAM}
}
@article{hennenfent2008sampling,
	title={Sampling and reconstruction of seismic wavefields in the curvelet domain},
	author={Hennenfent, Gilles},
	journal={Graduate Thesis, University of British Columbia},
	year={2008}
}
@article{herrmann2008non,
	title={Non-parametric seismic data recovery with curvelet frames},
	author={Herrmann, Felix J and Hennenfent, Gilles},
	journal={Geophysical Journal International},
	volume={173},
	number={1},
	pages={233--248},
	year={2008},
	publisher={Blackwell Publishing Ltd Oxford, UK}
}
@article{hennenfent2010nonequispaced,
	title={Nonequispaced curvelet transform for seismic data reconstruction: A sparsity-promoting approach},
	author={Hennenfent, Gilles and Fenelon, Lloyd and Herrmann, Felix J},
	journal={Geophysics},
	volume={75},
	number={6},
	pages={WB203--WB210},
	year={2010},
	publisher={Society of Exploration Geophysicists}
}
@article{huang2016damped,
	title={Damped multichannel singular spectrum analysis for 3{D} random noise attenuation},
	author={Huang, Weilin and Wang, Runqiu and Chen, Yangkang and Li, Huijian and Gan, Shuwei},
	journal={Geophysics},
	volume={81},
	number={4},
	pages={V261--V270},
	year={2016},
	publisher={Society of Exploration Geophysicists}
}
@article{huang2017double,
    title={Double least-squares projections method for signal estimation},
    author={Huang, Weilin and Wang, Runqiu and Chen, Xiaohong and Chen, Yangkang},
    journal={IEEE Transactions on Geoscience and Remote Sensing},
    volume={55},
    number={7},
    pages={4111--4129},
    year={2017},
    publisher={IEEE}
}
@article{huang2018damped,
	title={Damped dreamlet representation for exploration seismic data interpolation and denoising},
	author={Huang, Weilin and Wu, Ru-Shan and Wang, Runqiu},
	journal={IEEE Transactions on Geoscience and Remote Sensing},
	volume={56},
	number={6},
	pages={3159--3172},
	year={2018},
	publisher={IEEE}
}
@article{hunt2010effect,
	title={The effect of interpolation on imaging and AVO: A Viking case study},
	author={Hunt, Lee and Downton, Jon and Reynolds, Scott and Hadley, Scott and Trad, Daniel and Hadley, Mark},
	journal={Geophysics},
	volume={75},
	number={6},
	pages={WB265--WB274},
	year={2010},
	publisher={Society of Exploration Geophysicists}
}
@article{ikelle2016up,
	title={Up-down separation of OBS wavefield using ICA techniques},
	author={Ikelle, Luc T},
	journal={Journal of Seismic Exploration},
	volume={25},
	number={5},
	pages={419--432},
	year={2016},
	publisher={GEOPHYSICAL PRESS 14 RUE DU PRADO, 34170 CASTELNAU-LE-LEZ, FRANCE}
}
@article{jin20105d,
	title={5{D} seismic data regularization by a damped least-norm Fourier inversion},
	author={Jin, Side},
	journal={Geophysics},
	volume={75},
	number={6},
	pages={WB103--WB111},
	year={2010},
	publisher={Society of Exploration Geophysicists}
}
@article{kabir1995restoration,
	title={Restoration of missing offsets by parabolic Radon transform},
	author={Kabir, MM Nurul and Verschuur, DJ},
	journal={Geophysical Prospecting},
	volume={43},
	number={3},
	pages={347--368},
	year={1995}
}
@article{kazemi2016surface,
	title={Surface-consistent sparse multichannel blind deconvolution of seismic signals},
	author={Kazemi, Nasser and Bongajum, Emmanuel and Sacchi, Mauricio D},
	journal={IEEE Transactions on geoscience and remote sensing},
	volume={54},
	number={6},
	pages={3200--3207},
	year={2016},
	publisher={IEEE}
}
@article{kreimer2012tensor,
	title={A tensor higher-order singular value decomposition for prestack seismic data noise reduction and interpolation},
	author={Kreimer, Nadia and Sacchi, Mauricio D},
	journal={Geophysics},
	volume={77},
	number={3},
	pages={V113--V122},
	year={2012},
	publisher={Society of Exploration Geophysicists}
}
@article{kreimer2013tensor,
	title={Tensor completion based on nuclear norm minimization for 5D seismic data reconstruction},
	author={Kreimer, Nadia and Stanton, Aaron and Sacchi, Mauricio D},
	journal={Geophysics},
	volume={78},
	number={6},
	pages={V273--V284},
	year={2013},
	publisher={Society of Exploration Geophysicists}
}
@inproceedings{lee2010practical,
	title={Practical large-scale optimization for max-norm regularization},
	author={Lee, Jason D and Recht, Ben and Srebro, Nathan and Tropp, Joel and Salakhutdinov, Ruslan R},
	booktitle={Advances in neural information processing systems},
	pages={1297--1305},
	year={2010}
}
@article{lines2016pssp,
	title={Pssp waves-their presence and possible utilization in seismic inversion},
	author={Lines, Larry and Daley, Patrick and Embleton, Joan and Gray, David},
	journal={Journal of Seismic Exploration},
	volume={25},
	number={6},
	pages={497--512},
	year={2016},
	publisher={GEOPHYSICAL PRESS 14 RUE DU PRADO, 34170 CASTELNAU-LE-LEZ, FRANCE}
}
@article{liu2004minimum,
	title={Minimum weighted norm interpolation of seismic records},
	author={Liu, Bin and Sacchi, Mauricio D},
	journal={Geophysics},
	volume={69},
	number={6},
	pages={1560--1568},
	year={2004},
	publisher={Society of Exploration Geophysicists}
}
@article{liu2011seismic,
    title={Seismic data interpolation beyond aliasing using regularized nonstationary autoregression},
    author={Liu, Yang and Fomel, Sergey},
    journal={Geophysics},
    volume={76},
    number={5},
    pages={V69--V77},
    year={2011},
    publisher={Society of Exploration Geophysicists}
}
@article{liu2016seismic,
	title={Seismic deconvolution with shearlet sparsity constrained inversion},
	author={Liu, Chengming and Wang, Deli and Hu, Bin and Wang, Tong},
	journal={Journal of Seismic Exploration},
	volume={25},
	number={5},
	pages={433--445},
	year={2016},
	publisher={GEOPHYSICAL PRESS 14 RUE DU PRADO, 34170 CASTELNAU-LE-LEZ, FRANCE}
}
@article{liu2015seismic,
	title={Seismic time--frequency analysis via empirical wavelet transform},
	author={Liu, Wei and Cao, Siyuan and Chen, Yangkang},
	journal={IEEE Geoscience and Remote Sensing Letters},
	volume={13},
	number={1},
	pages={28--32},
	year={2015},
	publisher={IEEE}
}
@article{liu2016effective,
	title={An effective approach to attenuate random noise based on compressive sensing and curvelet transform},
	author={Liu, Wei and Cao, Siyuan and Chen, Yangkang and Zu, Shaohuan},
	journal={Journal of Geophysics and Engineering},
	volume={13},
	number={2},
	pages={135--145},
	year={2016},
	publisher={Oxford University Press}
}
@article{liu2016one,
	title={One-step slope estimation for dealiased seismic data reconstruction via iterative seislet thresholding},
	author={Liu, Wei and Cao, Siyuan and Gan, Shuwei and Chen, Yangkang and Zu, Shaohuan and Jin, Zhaoyu},
	journal={IEEE Geoscience and Remote Sensing Letters},
	volume={13},
	number={10},
	pages={1462--1466},
	year={2016},
	publisher={IEEE}
}
@article{liu2010oc,
	title={OC-seislet: Seislet transform construction with differential offset continuation},
	author={Liu, Yang and Fomel, Sergey},
	journal={Geophysics},
	volume={75},
	number={6},
	pages={WB235--WB245},
	year={2010},
	publisher={Society of Exploration Geophysicists}
}
@article{liu2011seismic,
    title={Seismic data interpolation beyond aliasing using regularized nonstationary autoregression},
    author={Liu, Yang and Fomel, Sergey},
    journal={Geophysics},
    volume={76},
    number={5},
    pages={V69--V77},
    year={2011},
    publisher={Society of Exploration Geophysicists}
}
@article{lopez2015closed,
	title={Closed-loop surface-related multiple elimination and its application to simultaneous data reconstruction},
	author={Lopez, Gabriel A and Verschuur, DJ},
	journal={Geophysics},
	volume={80},
	number={6},
	pages={V189--V199},
	year={2015},
	publisher={Society of Exploration Geophysicists}
}
@article{lu2015fast,
	title={A fast SVD for multilevel block Hankel matrices with minimal memory storage},
	author={Lu, Ling and Xu, Wei and Qiao, Sanzheng},
	journal={Numerical Algorithms},
	volume={69},
	number={4},
	pages={875--891},
	year={2015},
	publisher={Springer}
}
@article{ma2013three,
	title={Three-dimensional irregular seismic data reconstruction via low-rank matrix completion},
	author={Ma, Jianwei},
	journal={Geophysics},
	volume={78},
	number={5},
	pages={V181--V192},
	year={2013},
	publisher={Society of Exploration Geophysicists}
}
@article{naghizadeh2007multistep,
	title={Multistep autoregressive reconstruction of seismic records},
	author={Naghizadeh, Mostafa and Sacchi, Mauricio D},
	journal={Geophysics},
	volume={72},
	number={6},
	pages={V111--V118},
	year={2007},
	publisher={Society of Exploration Geophysicists}
}
@article{naghizadeh2008f,
	title={f-x adaptive seismic-trace interpolation},
	author={Naghizadeh, Mostafa and Sacchi, Mauricio D},
	journal={Geophysics},
	volume={74},
	number={1},
	pages={V9--V16},
	year={2008},
	publisher={Society of Exploration Geophysicists}
}
@article{naghizadeh2010beyond,
	title={Beyond alias hierarchical scale curvelet interpolation of regularly and irregularly sampled seismic data},
	author={Naghizadeh, Mostafa and Sacchi, Mauricio D},
	journal={Geophysics},
	volume={75},
	number={6},
	pages={WB189--WB202},
	year={2010},
	publisher={Society of Exploration Geophysicists}
}

@article{naghizadeh2011seismic,
	title={Seismic data interpolation using a fast generalized Fourier transform},
	author={Naghizadeh, Mostafa and Innanen, Kristopher A},
	journal={Geophysics},
	volume={76},
	number={1},
	pages={V1--V10},
	year={2011},
	publisher={Society of Exploration Geophysicists}
}
@article{naghizadeh2012multicomponent,
	title={Multicomponent f-x seismic random noise attenuation via vector autoregressive operators},
	author={Naghizadeh, Mostafa and Sacchi, Mauricio},
	journal={Geophysics},
	volume={77},
	number={2},
	pages={V91--V99},
	year={2012},
	publisher={Society of Exploration Geophysicists}
}
@article{naghizadeh2012multidimensional,
	title={Multidimensional de-aliased Cadzow reconstruction of seismic records},
	author={Naghizadeh, Mostafa and Sacchi, Mauricio},
	journal={Geophysics},
	volume={78},
	number={1},
	pages={A1--A5},
	year={2012},
	publisher={Society of Exploration Geophysicists}
}
@incollection{oropeza2010randomized,
	title={A randomized SVD for multichannel singular spectrum analysis (MSSA) noise attenuation},
	author={Oropeza, Vicente E and Sacchi, Mauricio D},
	booktitle={SEG Technical Program Expanded Abstracts 2010},
	pages={3539--3544},
	year={2010},
	publisher={Society of Exploration Geophysicists}
}
@article{oropeza2011simultaneous,
	title={Simultaneous seismic data denoising and reconstruction via multichannel singular spectrum analysis},
	author={Oropeza, Vicente and Sacchi, Mauricio},
	journal={Geophysics},
	volume={76},
	number={3},
	pages={V25--V32},
	year={2011},
	publisher={Society of Exploration Geophysicists}
}
@article{osher2005iterative,
	title={An iterative regularization method for total variation-based image restoration},
	author={Osher, Stanley and Burger, Martin and Goldfarb, Donald and Xu, Jinjun and Yin, Wotao},
	journal={Multiscale Modeling \& Simulation},
	volume={4},
	number={2},
	pages={460--489},
	year={2005},
	publisher={SIAM}
}

@phdthesis{plan2011compressed,
	title={Compressed sensing, sparse approximation, and low-rank matrix estimation},
	author={Plan, Yaniv},
	year={2011},
	school={California Institute of Technology}
}
@article{porsani1999seismic,
	title={Seismic trace interpolation using half-step prediction filters},
	author={Porsani, Milton J},
	journal={Geophysics},
	volume={64},
	number={5},
	pages={1461--1467},
	year={1999},
	publisher={Society of Exploration Geophysicists}
}
@article{recht2010guaranteed,
	title={Guaranteed minimum-rank solutions of linear matrix equations via nuclear norm minimization},
	author={Recht, Benjamin and Fazel, Maryam and Parrilo, Pablo A},
	journal={SIAM review},
	volume={52},
	number={3},
	pages={471--501},
	year={2010},
	publisher={SIAM}
}
@article{rokhlin2009randomized,
	title={A randomized algorithm for principal component analysis},
	author={Rokhlin, Vladimir and Szlam, Arthur and Tygert, Mark},
	journal={SIAM Journal on Matrix Analysis and Applications},
	volume={31},
	number={3},
	pages={1100--1124},
	year={2009},
	publisher={SIAM}
}
@article{ronen1987wave,
	title={Wave-equation trace interpolation},
	author={Ronen, Joshua},
	journal={Geophysics},
	volume={52},
	number={7},
	pages={973--984},
	year={1987},
	publisher={Society of Exploration Geophysicists}
}
@inproceedings{sacchi2009fx,
	title={FX singular spectrum analysis},
	author={Sacchi, Mauricio D and others},
	booktitle={CSPG CSEG CWLS Convention},
	pages={392--395},
	year={2009}
}
@article{sacchi1998interpolation,
	title={Interpolation and extrapolation using a high-resolution discrete Fourier transform},
	author={Sacchi, Mauricio D and Ulrych, Tadeusz J and Walker, Colin J},
	journal={IEEE Transactions on Signal Processing},
	volume={46},
	number={1},
	pages={31--38},
	year={1998},
	publisher={IEEE}
}
@article{schaeffer2013low,
	title={A low patch-rank interpretation of texture},
	author={Schaeffer, Hayden and Osher, Stanley},
	journal={SIAM Journal on Imaging Sciences},
	volume={6},
	number={1},
	pages={226--262},
	year={2013},
	publisher={SIAM}
}
@book{schafer1989discrete,
	title={Discrete-time signal processing},
	author={Schafer, Ronald William and Oppenheim, Alan V},
	year={1989},
	publisher={Prentice Hall Englewood Cliffs, NJ}
}
@article{shahidi2013application,
	title={Application of randomized sampling schemes to curvelet-based sparsity-promoting seismic data recovery},
	author={Shahidi, Reza and Tang, Gang and Ma, Jianwei and Herrmann, Felix J},
	journal={Geophysical Prospecting},
	volume={61},
	number={5},
	pages={973--997},
	year={2013}
}
@article{shen2016multiple,
	title={Multiple-transient surface wave phase velocity analysis in expanded fk domain and its application},
	author={Shen, Hongyan and Chen, Chen and Yan, Yueying and Zhang, Baowei},
	journal={Journal of Seismic Exploration},
	volume={25},
	number={4},
	pages={299--319},
	year={2016},
	publisher={GEOPHYSICAL PRESS 14 RUE DU PRADO, 34170 CASTELNAU-LE-LEZ, FRANCE}
}
@article{spitz1991seismic,
	title={Seismic trace interpolation in the FX domain},
	author={Spitz, Simon},
	journal={Geophysics},
	volume={56},
	number={6},
	pages={785--794},
	year={1991},
	publisher={Society of Exploration Geophysicists}
}

@article{siahsar2017simultaneous,
	title={Simultaneous denoising and interpolation of 3-D seismic data via damped data-driven optimal singular value shrinkage},
	author={Siahsar, Mohammad Amir Nazari and Gholtashi, Saman and Torshizi, Ehsan Olyaei and Chen, Wei and Chen, Yangkang},
	journal={IEEE Geoscience and Remote Sensing Letters},
	volume={14},
	number={7},
	pages={1086--1090},
	year={2017},
	publisher={IEEE}
}

@article{sternfels2015multidimensional,
	title={Multidimensional simultaneous random plus erratic noise attenuation and interpolation for seismic data by joint low-rank and sparse inversion},
	author={Sternfels, Raphael and Viguier, Ghislain and Gondoin, Regis and Le Meur, David},
	journal={Geophysics},
	volume={80},
	number={6},
	pages={WD129--WD141},
	year={2015},
	publisher={Society of Exploration Geophysicists}
}
@article{trad2009five,
	title={Five-dimensional interpolation: Recovering from acquisition constraints},
	author={Trad, Daniel},
	journal={Geophysics},
	volume={74},
	number={6},
	pages={V123--V132},
	year={2009},
	publisher={Society of Exploration Geophysicists}
}
@article{trad2002accurate,
	title={Accurate interpolation with high-resolution time-variant Radon transforms},
	author={Trad, Daniel O and Ulrych, Tadeusz J and Sacchi, Mauricio D},
	journal={Geophysics},
	volume={67},
	number={2},
	pages={644--656},
	year={2002},
	publisher={Society of Exploration Geophysicists}
}
@article{trickett2009prestack,
	title={Prestack rank-reduction-based noise suppression},
	author={Trickett, Stewart and Burroughs, Lynn},
	journal={CSEG Recorder},
	volume={34},
	number={9},
	pages={24--31},
	year={2009}
}
@incollection{trickett2010rank,
	title={Rank-reduction-based trace interpolation},
	author={Trickett, Stewart and Burroughs, Lynn and Milton, Andrew and Walton, Larry and Dack, Rob},
	booktitle={SEG Technical Program Expanded Abstracts 2010},
	pages={3829--3833},
	year={2010},
	publisher={Society of Exploration Geophysicists}
}
@article{van2007sparco,
	title={Sparco: A testing framework for sparse reconstruction},
	author={van den Berg, Ewout and Friedlander, MP and Hennenfent, G and Herrmann, F and Saab, R and Y{\i}lmaz, O},
	journal={Dept. Comput. Sci., Univ. British Columbia, Vancouver, Tech. Rep. TR-2007-20,[Online]. Available: http://www. cs. ubc. ca/labs/scl/sparco},
	year={2007}
}
@article{Verschuur1992adaptive,
	title={Adaptive surface-related multiple elimination},
	author={Verschuur, Dirk and Berkhout, AJ and Wapenaar, CPA},
	journal={Geophysics},
	volume={57},
	number={9},
	pages={1166--1177},
	year={1992},
	publisher={Society of Exploration Geophysicists}
}

@article{wang2010seismic,
	title={Seismic data interpolation by greedy local Radon transform},
	author={Wang, Juefu and Ng, Mark and Perz, Mike},
	journal={Geophysics},
	volume={75},
	number={6},
	pages={WB225--WB234},
	year={2010},
	publisher={Society of Exploration Geophysicists}
}
@article{wang2012sparse,
	title={Sparse optimization methods for seismic wavefields recovery},
	author={Wang, Yanfei},
	journal={Труды Института математики и механики УрО РАН},
	volume={18},
	number={1},
	pages={42--55},
	year={2012},
	publisher={Институт математики и механики им. НН Красовского Уральского отделения~…}
}
@article{wang2011recovery,
	title={Recovery of seismic wavefields based on compressive sensing by an l 1-norm constrained trust region method and the piecewise random subsampling},
	author={Wang, Yanfei and Cao, Jingjie and Yang, Changchun},
	journal={Geophysical Journal International},
	volume={187},
	number={1},
	pages={199--213},
	year={2011},
	publisher={Blackwell Publishing Ltd Oxford, UK}
}
@article{wang2013data,
	title={Data regularization using Gaussian beams decomposition and sparse norms},
	author={Wang, Yanfei and Liu, Peng and Li, Zhenhua and Sun, Tao and Yang, Changchun and Zheng, Qingsheng},
	journal={Journal of Inverse and Ill-Posed Problems},
	volume={21},
	number={1},
	pages={1--23},
	year={2013},
	publisher={Walter de Gruyter GmbH}
}
@article{wang2012tikhonov,
	title={On Tikhonov regularization and compressive sensing for seismic signal processing},
	author={Wang, Yanfei and Yang, Changchun and Cao, Jingjie},
	journal={Mathematical Models and Methods in Applied Sciences},
	volume={22},
	number={02},
	pages={1150008},
	year={2012},
	publisher={World Scientific}
}
@misc{wang2007computational,
	title={Computational methods for inverse problems and their applications},
	author={Wang, YF},
	year={2007},
	publisher={Higher Education Press, Beijing}
}
@article{xu2010antileakage,
	title={Antileakage Fourier transform for seismic data regularization in higher dimensions},
	author={Xu, Sheng and Zhang, Yu and Lambar{\'e}, Gilles},
	journal={Geophysics},
	volume={75},
	number={6},
	pages={WB113--WB120},
	year={2010},
	publisher={Society of Exploration Geophysicists}
}
@article{xue2016amplitude,
	title={Amplitude-preserving nonlinear adaptive multiple attenuation using the high-order sparse radon transform},
	author={Xue, Yaru and Yang, Jing and Ma, Jitao and Chen, Yangkang},
	journal={Journal of Geophysics and Engineering},
	volume={13},
	number={3},
	pages={207--219},
	year={2016},
	publisher={Oxford University Press}
}
@article{xue2017amplitude,
	title={Amplitude-preserving iterative deblending of simultaneous source seismic data using high-order radon transform},
	author={Xue, Yaru and Man, Meixi and Zu, Shaohuan and Chang, Fanglan and Chen, Yangkang},
	journal={Journal of Applied Geophysics},
	volume={139},
	pages={79--90},
	year={2017},
	publisher={Elsevier}
}

@article{yang2015enhanced,
	title={Enhanced irregular seismic interpolation using approximate shrinkage operator and Fourier redundancy},
	author={Yang, Pengliang and Gao, Jinghuai},
	journal={Journal of Applied Geophysics},
	volume={116},
	pages={43--50},
	year={2015},
	publisher={Elsevier}
}
@article{yang2013seismic,
	title={Seismic data reconstruction via matrix completion},
	author={Yang, Yi and Ma, Jianwei and Osher, Stanley},
	journal={Inverse Problems and Imaging},
	volume={7},
	number={4},
	pages={1379--1392},
	year={2013}
}
@misc{yang2012seismic,
	title={Seismic data reconstruction via matrix completion. UCLA CAM report},
	author={Yang, Y and Ma, J and Osher, S},
	year={2012}
}
@article{yeganli2017noise,
	title={Noise removal from MR images via iterative regularization based on higher-order singular value decomposition},
	author={Yeganli, S Faegheh and Demirel, Hasan and Yu, Runyi},
	journal={Signal, Image and Video Processing},
	volume={11},
	number={8},
	pages={1477--1484},
	year={2017},
	publisher={Springer}
}
@article{yu2007wavelet,
	title={Wavelet-Radon domain dealiasing and interpolation of seismic data},
	author={Yu, Zhou and Ferguson, John and McMechan, George and Anno, Phil},
	journal={Geophysics},
	volume={72},
	number={2},
	pages={V41--V49},
	year={2007},
	publisher={Society of Exploration Geophysicists}
}
@article{zhang2016multi,
	title={Multi-step damped multichannel singular spectrum analysis for simultaneous reconstruction and denoising of 3{D} seismic data},
	author={Zhang, Dong and Chen, Yangkang and Huang, Weilin and Gan, Shuwei},
	journal={Journal of Geophysics and Engineering},
	volume={13},
	number={5},
	pages={704--720},
	year={2016},
	publisher={Oxford University Press}
}
@article{zhang2017hybrid,
	title={Hybrid rank-sparsity constraint model for simultaneous reconstruction and denoising of 3{D} seismic data},
	author={Zhang, Dong and Zhou, Yatong and Chen, Hanming and Chen, Wei and Zu, Shaohuan and Chen, Yangkang},
	journal={Geophysics},
	volume={82},
	number={5},
	pages={V351--V367},
	year={2017},
	publisher={Society of Exploration Geophysicists}
}
@article{zu2016periodically,
	title={A periodically varying code for improving deblending of simultaneous sources in marine acquisition},
	author={Zu, Shaohuan and Zhou, Hui and Chen, Yangkang and Qu, Shan and Zou, Xiaofeng and Chen, Haolin and Liu, Renwu},
	journal={Geophysics},
	volume={81},
	number={3},
	pages={V213--V225},
	year={2016},
	publisher={Society of Exploration Geophysicists}
}
@article{yangkang2019nc,
	title={Obtaining free {USA}rray data by multi-dimensional seismic reconstruction},
	author={Yangkang Chen and Min Bai and Yunfeng Chen},
	journal={Nature Communications},
	volume={10},
	number={1},
	pages={4434},
	year={2019},
}
@Article{kumar2012fast,
	title={Fast methods for rank minimization with applications to seismic-data interpolation},
	author={Kumar, R and Aravkin, A and Herrmann, F},
	journal={82nd Annual International Meeting, SEG, Expanded Abstracts, },
	year={2012},
	&nbsp; pages={2586–2590},
}
@Article{Trickett2008Cadzow,
	author =   {S[] Trickett},
	title =        {$F-xy$ Cadzow noise suppression},
	journal={78th Annual International Meeting, SEG, Expanded Abstracts},
	year=2008,
	pages={2586-2590},
}
@Article{yangkang2020odrr,
	author={Yangkang Chen and Min Bai and Zhe Guan and Qingchen Zhang and Mi Zhang and Hang Wang},
	title = {Five-dimensional seismic data reconstruction using the optimally damped rank-reduction method},
	journal={Geophysical Journal International},
	year=2020,
	volume=222,
	issue=1,
	number=1,
	pages={1824-1845},
	doi={10.1093/gji/ggaa190},
}
