@Article{yangkang20142,
  author={Yangkang Chen and Sergey Fomel and Jingwei Hu},
  title ={Iterative deblending of simultaneous-source seismic data using seislet-domain shaping regularization},
  journal={Geophysics},
  year=2014,
  volume=79,
  issue=5,
  pages={V179-V189},
}

@Article{fuchao2020,
  author={Bin Liu and Chao Fu and Yuxiao Ren and  Qingsong Zhang and Xinji Xu and Yangkang Chen},
  title = {Structural complexity-guided predictive filtering},
  journal={Geophysical Prospecting},
  year=2020,
  volume=68,
  issue=5,
  number=5,
  pages={1509-1522},
  doi={10.1111/1365-2478.12941},
}

@Article{yangkang2015svmf,
  author={Y[] Chen},
  title = {Deblending using a space-varying median filter},
  journal={Exploration Geophysics},
  year=2015,
  volume=46,
  pages={332-341},
}


@Article{liuyang2009tvmf,
  author = 	 {Y[] Liu and Cai Liu and Dian Wang},
  title = 	 {A {1D} time-varying median filter for seismic random, spike-like noise elimination},
  journal = 	 {Geophysics},
  year = 	 2009,
  volume =	 74,
  number=1,
  issue=1,
  pages =	 {V17-V24},
}

@Article{canales1984,
  author = 	 {L[] Canales},
  title = 	 {Random noise reduction},
  journal = 	 {54th Annual International Meeting, SEG, Expanded Abstracts},
  year = 	 1984,
  pages =	 {525-527}
}

@Article{guochang2012,
  author={Guochang Liu and Xiaohong Chen and Jing Du and Kailong Wu},
  title ={Random noise attenuation using \emph{f-x} regularized nonstationary autoregression},
  journal={Geophysics},
  volume=77,
  year=2012,
  issue=2,
  number=2,
  pages={V61-V69},
}
@Article{weilin2018,
  author={Weilin Huang and Runqiu Wang and Yangkang Chen},
  title = {Regularized non-stationary morphological reconstruction algorithm for weak signal detection in micro-seismic monitoring: Methodology},
  journal={Geophysical Journal International},
  year=2018,
  volume=213,
  issue=2,
  pages={1189-1211},
}

@article{jeong2019enhanced,
  title={Enhanced elastic wavefield separation using local orthogonalization filtering with applications in elastic modelling and inversion},
  author={Jeong, Woodon and Tsingas, Constantinos and Kim, Young Seo},
  journal={Journal of Applied Geophysics},
  volume={160},
  pages={131--143},
  year={2019},
  publisher={Elsevier}
}

@article{sripanich2017elastic,
  title={Elastic wave-vector decomposition in heterogeneous anisotropic media},
  author={Sripanich, Yanadet and Fomel, Sergey and Sun, Junzhe and Cheng, Jiubing},
  journal={Geophysical Prospecting},
  volume={65},
  number={5},
  issue=5,
  pages={1231--1245},
  year={2017},
  publisher={European Association of Geoscientists \& Engineers}
}


@Article{yangkang2015ortho,
  author={Yangkang Chen and Sergey Fomel},
  title = {Random noise attenuation using local signal-and-noise orthogonalization},
  journal={Geophysics},
  volume=80,
  year=2015,
  issue=6,
  number=6,
  pages={W{D}1-W{D}9},
}

@article{fomel2007,
  author =	 {S[] Fomel and E[] Landa and M[] T[] Taner},
  title =	 {Post-stack velocity analysis by separation and imaging of seismic diffractions},
  journal =	 {Geophysics},
  volume={72},
  issue=6,
  number=6,
  year =	 2007,
 pages={U89-U94},
}

@Article{guochang2013,
author={G[] Liu and X[] Chen},
title={Noncausal f-x-y regularized nonstationary prediction filtering for random noise attenuation on 3{D} seismic data},
journal={Journal of Applied Geophysics},
volume=93,
year=2013,
pages={60-66}
}

@Article{fomel2007localattr,
  author={Sergey Fomel},
  title={Local seismic attributes},
  journal={Geophysics},
  year=2007,
  Volume=72,
  issue=3,
  number=3,
  pages={A29-A33},
}

@article{greer2018matching,
  title={Matching and merging high-resolution and legacy seismic images},
  author={Greer, Sarah and Fomel, Sergey},
  journal={Geophysics},
  volume={83},
  number={2},
  issue=2,
  pages={V115--V122},
  year={2018},
  publisher={Society of Exploration Geophysicists}
}


@Article{fomel2007shape,
  author={Sergey Fomel},
  title={Shaping regularization in geophysical-estimation problems},
  journal={Geophysics},
  year=2007,
  Volume=72,
  issue=2,
  number=2,
  pages={R29-R36},
}

@Article{verschuur2011,
  author={D[] J[] Verschuur and A[] J[] Berkhout},
  title={Seismic migration of blended shot records with surface-related multiple scattering},
  journal={Geophysics},
  year=2011,
  Volume=76,
  number=1,
  issue=1,
  pages={A7-A13},
}
@book{gram,
  author={M[] Hazewinkel},
  title ={Encyclopedia of Mathematics},
  year=2001,
  publisher = {Springer},
}
@Article{zhangdong2019ortho,
  author={Dong Zhang and E[] Verschuur and Shan Qu and Yangkang Chen},
  title = {Surface-related multiple leakage extraction using local primary-and-multiple orthogonalization},
  journal={Geophysics},
  year=2020,
  volume=85,
  issue=1,
  number=1,
  pages={V81–V97},
  doi={10.1190/GEO2019-0465.1},
}

@Article{yangkang2015dbortho,
  author={Yangkang Chen},
  title = {Iterative deblending with multiple constraints based on shaping regularization},
  journal={IEEE Geoscience and Remote Sensing Letters},
  year=2015,
  volume=12,
  number=11,
  issue=11,
  pages={2247-2251},
}

@Article{yangkang20141,
  author={Yangkang Chen and Jitao Ma},
  title ={Random noise attenuation by \emph{f-x} empirical mode decomposition predictive filtering},
  journal={Geophysics},
  year=2014,
  Volume=79,
  issue=3,
  number=3,
  pages={V81-V91},
}
@Article{shaohuan2019,
  author={Shaohuan Zu and Junxing Cao and Shan Qu and Yangkang Chen},
  title = {Iterative deblending for simultaneous source data using the deep neural network},
  journal={Geophysics},
  year=2019,
  volume=85,
  issue=2,
  number=2,
  pages={V131–V141},
  doi={10.1190/geo2019-0319.1},
}

@Article{qu2020robust,
  title={Robust AVO-Preserving Joint Migration Inversion of Seismic Reflections Using a Data Mismatch Based on Local Orthogonalization},
  author={Qu, S and Verschuur, DJ and Chen, Y},
  journal={82nd Annual International Conference and Exhibition, EAGE, Extended Abstracts},
  volume={2020},
  number={1},
  pages={1--5},
  year={2020},
  organization={European Association of Geoscientists \& Engineers}
}

@Article{wanghang2021geo,
  author={Hang Wang and Wei Chen and Weilin Huang and Shaohuan Zu and Xingye Liu and Liuqing Yang and Yangkang Chen},
  title = {Non-stationary predictive filtering for seismic random noise suppression - A tutorial},
  journal={Geophysics},
  year=2021,
  pages={doi: 10.1190/geo2020-0368.1},
  doi={10.1190/geo2020-0368.1},
}


@Article{zhangdong2021geo,
  author={Dong Zhang and Eric Dirk Jacob Verschuur and Mikhail Davydenko and Yangkang Chen and Ali Alfaraj and Shan Qu},
  title = {Local primary-and-multiple orthogonalization for leaked internal multiple crosstalk estimation and attenuation on full-wavefield migrated images},
  journal={Geophysics},
  year=2021,
  volume=86,
  issue=1,
  number=1,
  pages={A7–A13},
  doi={10.1190/GEO2020-0448.1},
}



@Article{yangkang2015orthogroll,
  author={Yangkang Chen and Shebao Jiao and Jianwei Ma and Hanming Chen and Yatong Zhou and Shuwei Gan},
  title = {Ground-Roll Noise Attenuation Using a Simple and Effective Approach Based on Local Band-Limited Orthogonalization},
  journal={IEEE Geoscience and Remote Sensing Letters},
  year=2015,
  volume=12,
  pages={2316-2320},
}


@article{de2011ambient,
  title={Ambient seismic noise eikonal tomography for near-surface imaging at {V}alhall},
  author={de Ridder, Sjoerd and Dellinger, Joe},
  journal={The Leading Edge},
  volume={30},
  number={5},
  issue=5,
  pages={506--512},
  year={2011},
  publisher={Society of Exploration Geophysicists}
}

