@Article{yangkang20142,
  author={Yangkang Chen and Sergey Fomel and Jingwei Hu},
  title ={Iterative deblending of simultaneous-source seismic data using seislet-domain shaping regularization},
  journal={Geophysics},
  year=2014,
  volume=79,
  issue=5,
  pages={V179-V189},
}



@Article{canales1984,
  author = 	 {L[] Canales},
  title = 	 {Random noise reduction},
  journal = 	 {54th Annual International Meeting, SEG, Expanded Abstracts},
  year = 	 1984,
  pages =	 {525-527}
}

@Article{guoyin2018,
  author={Guoyin Zhang and Zhizhang Wang and Yangkang Chen},
  title = {Deep learning for Seismic Lithology Prediction},
  journal={Geophysical Journal International},
  year=2018,
  volume=215,
  pages={1368–1387},
  doi={10.1093/gji/ggy344},
}

@article{abma1995,
  author =	 {R[] Abma and J[] Claerbout},
  title =	 {Lateral prediction for noise attenuation by $t-x$ and $f-x$ techniques},
  year =	 1995,
  journal =	 {Geophysics},
  volume =	 60,
  issue=6,
  number=6,
  pages =	 {1887-1896},
}

@Article{fomel2007shape,
  author={Sergey Fomel},
  title={Shaping regularization in geophysical-estimation problems},
  journal={Geophysics},
  year=2007,
  Volume=72,
  issue=2,
  number=2,
  pages={R29-R36},
}

@Article{tikhonov1963,
author={A[] N[] Tikhonov},
title={Solution of incorrectly formulated problems and the regularization method},
journal={Soviet Mathematics Doklady},
volume=5,
year=1963,
pages={1035-1038},
}

@Article{tufts1980,
  author = 	 {D[] Tufts and R[] Kumaresan},
  title = 	 {Estimation of frequencies of multiple sinusoids: Making linear prediction perform like maximum likelihood},
  journal = 	 { Proceedings of the IEEE},
  year = 	 1982,
  volume = 	 70,
  pages = 	 {975-989}}
  
@Article{mada2013,
  author={Sergey Fomel and P[] Sava and I[] Vlad and Y[] Liu and V[] Bashkardin},
  title={Madagascar open-source software project},
  journal = 	 {Journal of Open Research Software},
  year = 	 2013,
  volume =	 1,
  pages =	 {e8},
}

@Article{shaohuan2017gji,
  author={S[] Zu and H[] Zhou and W[] Mao and D[] Zhang and C[] Li and X[] Pan and Y[] Chen},
  title = {Iterative deblending of simultaneous-source data using a coherency-pass shaping operator},
  journal={Geophysical Journal International},
  year=2017,
  volume=211,
  issue=1,
  number=1,
  pages={541-557},
}

@Article{guochang2012,
  author={Guochang Liu and Xiaohong Chen and Jing Du and Kailong Wu},
  title ={Random noise attenuation using \emph{f-x} regularized nonstationary autoregression},
  journal={Geophysics},
  volume=77,
  year=2012,
  issue=2,
  number=2,
  pages={V61-V69},
}

@Article{fomel2002pwd,
  author={Sergey Fomel},
  title={Application of plane-wave destruction filters},
  journal={Geophysics},
  year=2002,
  Volume=67,
  number=6,
  issue=6,
  pages={1946-1960},
}


@incollection{gulunay1986fxdecon,
  title={FXDECON and complex Wiener prediction filter},
  author={Gulunay, Necati},
  booktitle={SEG Technical Program Expanded Abstracts 1986},
  pages={279--281},
  year={1986},
  publisher={Society of Exploration Geophysicists}
}

@Article{guochang2013,
author={G[] Liu and X[] Chen},
title={Noncausal f-x-y regularized nonstationary prediction filtering for random noise attenuation on 3{D} seismic data},
journal={Journal of Applied Geophysics},
volume=93,
year=2013,
pages={60-66}
}

@Article{fxydecon,
  author =	 {Necati Gulunay},
  title =	 {Noncausal spatial prediction filtering for random noise reduction on 3-D poststack data},
  journal =	 {Geophysics},
  year =	 2000,
  volume = 65,
  issue={5}, 
  pages =	 {1641-1653},
}	

@Article{omar2020geo1,
  author={Omar Saad and Yangkang Chen},
  title = {Deep Denoising Autoencoder for Seismic Random Noise Attenuation},
  journal={Geophysics},
  year=2020,
  volume=85,
  issue=4,
  number=4,
  pages={V367–V376},
  doi={10.1190/geo2019-0468.1},
}

@article{chenwei2020,
  title={Random Noise Attenuation Based on Residual Convolutional Neural Network in Seismic Datasets},
  author={Yang, Liuqing and Chen, Wei and Liu, Wei and Zha, Bei and Zhu, Linqi},
  journal={IEEE Access},
  volume={8},
  pages={30271--30286},
  year={2020},
  publisher={IEEE}
}

@Article{yangkang2015ortho,
  author={Yangkang Chen and Sergey Fomel},
  title = {Random noise attenuation using local signal-and-noise orthogonalization},
  journal={Geophysics},
  volume=80,
  year=2015,
  issue=6,
  number=6,
  pages={W{D}1-W{D}9},
}
@Article{fomel2007localattr,
  author={Sergey Fomel},
  title={Local seismic attributes},
  journal={Geophysics},
  year=2007,
  Volume=72,
  issue=3,
  number=3,
  pages={A29-A33},
}



@article{chenwei2018,
  title={Automatic noise attenuation based on clustering and empirical wavelet transform},
  author={Chen, Wei and Song, Hui},
  journal={Journal of Applied Geophysics},
  volume={159},
  pages={649--665},
  year={2018},
  publisher={Elsevier}
}

@article{chenwei2019,
  title={Seismic noise attenuation based on waveform classification},
  author={Chen, Wei and Bai, Min and Song, Hui},
  journal={Journal of Applied Geophysics},
  volume={167},
  pages={118-127},
  year={2019},
  publisher={Elsevier}
}


@Article{yangkang2018eseis,
  author={Y[] Chen and S[] Fomel},
  title = {E{MD}-seislet transform},
  journal={Geophysics},
  year=2018,
  volume=83,
  number=1,
  issue=1,
  pages={A27-A32},
}

@Article{amir2017geo,
  author={M[] A[] N[] Siahsar and S[] Gholtashi and A[] R[] Kahoo and W[] Chen and Y[] Chen},
  title = {Data-driven multi-task sparse dictionary learning for noise attenuation of 3{D} seismic data},
  journal={Geophysics},
  year=2017,
  volume=82,
  number=6,
  issue=6,
  pages={V385-V396},
}

@Article{yangkang20141,
  author={Yangkang Chen and Jitao Ma},
  title ={Random noise attenuation by $f-x$ empirical mode decomposition predictive filtering},
  journal={Geophysics},
  year=2014,
  Volume=79,
  issue=3,
  number=3,
  pages={V81-V91},
}

@Article{amir2017,
  author={M[] A[] N[] Siahsar and V[] Abolghasemi  and Yangkang Chen},
  title = {Simultaneous denoising and interpolation of 2{D} seismic data using data-driven non-negative dictionary learning},
  journal={Signal Processing},
  year=2017,
  volume=141,
  pages={309-321},
}



@Article{siwei2015,
  author =	 { S[] Yu and J[] Ma and X[] Zhang and M[] Sacchi},
  title =	 { Denoising and interpolation of high-dimensional seismic data by learning tight frame },
  journal =	 {Geophysics},
  volume =	 80,
  year =	 2015,
  number =	 5,
  pages =	 {V119-V132},
}


@article{wang2020low,
  title={Low-rank seismic denoising with optimal rank selection for hankel matrices},
  author={Wang, Chong and Zhu, Zhihui and Gu, Hanming},
  journal={Geophysical Prospecting},
  volume={68},
  number={3},
  pages={892--909},
  year={2020},
  publisher={European Association of Geoscientists \& Engineers}
}

@Article{mssa,
  author={Vicente Oropeza and Mauricio Sacchi},
  title={Simultaneous seismic data denoising and reconstruction via multichannel singular spectrum analysis},
  journal = 	 {Geophysics},
  year = 	 2011,
  volume =	 76,
    issue=3,
    number=3,
  pages =	 {V25-V32},
}

@Article{weilin2016dmssa,
  author={Weilin Huang and Runqiu Wang and  Yangkang Chen and Huijian Li and Shuwei Gan},
  title = {Damped Multichannel Singular Spectrum Analysis for 3{D} Random Noise Attenuation },
  journal={Geophysics},
  year=2016,
  volume=81,
  issue=4,
  number=4,
  pages={V261-V270},
}

@Article{yangkang2016irr5d,
  author={Yangkang Chen and Dong Zhang and Zhaoyu Jin and Xiaohong Chen and Shaohuan Zu and Weilin Huang and Shuwei Gan},
  title = {Simultaneous denoising and reconstruction of 5{D} seismic data via damped rank-reduction method},
  journal={Geophysical Journal International},
  year=2016,
  volume=206,
  issue=3,
  pages={1695-1717},
}


@Article{mostafa2011,
  author={M[] Naghizadeh and Mauricio D[] Sacchi},
  title={Seismic data interpolation and denoising in the frequency-wavenumber domain},
  journal={Geophysics},
  year=2011,
  volume=76,
  number=2,
  issue=2,
  pages={V71–V80},
}

@Article{mostafa2012,
  author={M[] Naghizadeh and Mauricio D[] Sacchi},
  title={Multicomponent seismic random noise attenuation via vector autoregressive operators},
  journal={Geophysics},
  year=2012,
  volume=77,
  number=2,
  issue=2,
  pages={V91–V99},
}

@Article{shuwei20163,
  author={S[] Gan and Shoudong Wang and Yangkang Chen and Xiaohong Chen},
  title = {Simultaneous-Source Separation Using Iterative Seislet-Frame Thresholding},
  journal={IEEE Geoscience and Remote Sensing Letters},
  year=2016,
  volume=13,
  issue=2,
  pages={197-201},
}


@Article{liuyang2010oc,
  author = 	 {Yang Liu and Sergey Fomel},
  title = 	 {OC-seislet: Seislet transform construction with differential offset continuation},
  journal = 	 {Geophysics},
  year = 	 2010,
  volume =	 75,
  pages =	 {WB235-WB245},
}

@Article{yangkang20142,
  author={Yangkang Chen and Sergey Fomel and Jingwei Hu},
  title ={Iterative deblending of simultaneous-source seismic data using seislet-domain shaping regularization},
  journal={Geophysics},
  year=2014,
  volume=79,
  issue=5,
  number=5,
  pages={V179-V189},
  doi={10.1190/GEO2013-0449.1},
}

@Article{shucai2020,
  author={Shucai Li and Bin Liu and Yuxiao Ren and Yangkang Chen and Senlin Yang and Yunhai Wang and Peng Jiang},
  title = {Deep learning Inversion of Seismic Data},
  journal={IEEE Transactions on Geoscience and Remote Sensing},
  year=2020,
  volume=58,
  number=3,
  issue=3,
  pages={2135-2149},
  doi={10.1109/TGRS.2019.2953473},
}

@Article{weilin2017gji,
  author={W[] Huang and R[] Wang and S[] Zu  and Y[] Chen},
  title = {Low-frequency noise attenuation in seismic and microseismic data using mathematical morphological filtering},
  journal={Geophysical Journal International},
  year=2017,
  volume=211,
  pages={1318–1340},
}

@article{huijian20161,
  author =	 {H[] Li and R[] Wang and S[] Cao and Yangkang Chen and Weilin Huang},
  title =	 {A method for low-frequency noise suppression based on mathematical morphology in microseismic monitoring},
  journal = 	 {Geophysics},
  year = 	 2016,
  volume =	81,
  issue=3,
  number=3,
  pages =	 {V159-V167},
}

@Article{weilin2020gji,
  author={W[] Huang and R[] Wang and S[] Zu  and Y[] Chen},
  title = {Low-frequency noise attenuation in seismic and microseismic data using mathematical morphological filtering},
  journal={Geophysical Journal International},
  year=2020,
  volume=222,
  issue=3,
  number=3,
  pages={1728–1749},
}

@Article{neelamani2008,
  author={Ramesh Neelamani and Anatoly I[] Baumstein and Dominique G[] Gillard and Mohamed T[] Hadidi and William L[] Soroka},
  title={	
Coherent and random noise attenuation using the curvelet transform},
  journal={The Leading Edge},
  year=2008,
  volume=27,
  pages={240-248},
}

@article{zhang2018multicomponent,
  title={Multicomponent microseismic data denoising by 3{D} shearlet transform},
  author={Zhang, Chao and van der Baan, Mirko},
  journal={Geophysics},
  volume={83},
  number={3},
  issue=3,
  pages={A45--A51},
  year={2018},
  publisher={Society of Exploration Geophysicists}
}

@Article{fomel2010seislet,
  author = 	 {S[] Fomel and Y[] Liu},
  title = 	 {Seislet transform and seislet frame},
  journal = 	 {Geophysics},
  year = 	 2010,
  volume =	 75,
  issue=3,
  pages =	 {V25-V38},
}


@Article{wenkai2013,
  author={Wenkai Lu},
  title ={An accelerated sparse time-invariant Radon transform in the mixed frequency-time domain based on iterative 2{D} model shrinkage},
  journal={Geophysics},
  volume=78,
  year=2013,
  pages={V147-V155},
}


@Article{mostafa2016geo,
  author={S[] Mostafa Mousavi and Charles A[] Langston and Stephen P[] Horton},
  title={Automatic microseismic denoising and onset detection using the synchrosqueezed continuous wavelet transform},
  journal={Geophysics},
  year=2016,
  volume=81,
  number=4,
  issue=4,
  pages={V341-V355},
}

@Article{liuwei2019ewt,
  author={W[] Liu and W[] Chen},
  title ={Recent advancements in empirical wavelet transform and its applications},
  journal={IEEE Access},
  year=2019,
  Volume=7,
  pages={103770-103780},
}

@Article{liuwei2016ewt,
  author={W. Liu and S. Cao and Y. Chen},
  title = {Seismic Time-frequency Analysis via Empirical Wavelet Transform
},
  journal={IEEE Geoscience and Remote Sensing Letters},
  year=2016,
  volume=13,
  pages={28-32},
}


@article{liu2019seismic,
  title={Seismic Signal Denoising Using fx Variational Mode Decomposition},
  author={Liu, Wei and Duan, Zhongyu},
  journal={IEEE Geoscience and Remote Sensing Letters},
  year={2019},
  Volume=17,
  issue=8,
  number=8,
  pages={1313-1317},
}


@Article{yangkang2019nc,
  author={Yangkang Chen and Min Bai and Yunfeng Chen},
  title = {Obtaining free {USA}rray data by multi-dimensional seismic reconstruction},
  journal={Nature Communications},
  year=2019,
  volume=10,
  number=1,
  issue=1,
  pages={4434},
  doi={10.1038/s41467-019-12405-0},
}

@Article{fuchao2020,
  author={Bin Liu and Chao Fu and Yuxiao Ren and  Qingsong Zhang and Xinji Xu and Yangkang Chen},
  title = {Structural complexity-guided predictive filtering},
  journal={Geophysical Prospecting},
  year=2020,
  volume=68,
  issue=5,
  number=5,
  pages={1509-1522},
  doi={10.1111/1365-2478.12941},
}


@article{fx2017, 
author = {Necati Gülünay}, 
title = {Signal leakage in f-x deconvolution algorithms}, journal = {Geophysics}, volume = {82}, number = {5}, issue = {5}, pages = {W31-W45}, year = {2017}, 
doi = {10.1190/geo2017-0007.1}
}  

@article{naghizadeh2009f,
  title={f-x adaptive seismic-trace interpolation},
  author={Naghizadeh, Mostafa and Sacchi, Mauricio D},
  journal={Geophysics},
  volume={74},
  number={1},
  issue=1,
  pages={V9--V16},
  year={2009},
  publisher={Society of Exploration Geophysicists}
}




