@Article{yangkang20142,
  author={Yangkang Chen and Sergey Fomel and Jingwei Hu},
  title ={Iterative deblending of simultaneous-source seismic data using seislet-domain shaping regularization},
  journal={Geophysics},
  year=2014,
  volume=79,
  issue=5,
  pages={V179-V189},
}

@article{Sen2003computional,
	author = {Mrinal K. Sen and Indrajit G. Roy},
	title = {Computation of differential seismograms and iteration adaptive regularization in prestack waveform inversion},
	journal = {Geophysics},
	volume = {68},
	number = {6},
	pages = {2026-2039},
	year = {2003},
}

@article{Sen1991nonlinear,
	author = {Mrinal K. Sen and Paul L. Stoffa},
	title = {Nonlinear one‐dimensional seismic waveform inversion using simulated annealing},
	journal = {Geophysics},
	volume = {56},
	number = {10},
	pages = {1624-1638},
	year = {1991},
}

@article{Xue2016seismic,
	title={Seismic imaging of incomplete data and simultaneous-source data using least-squares reverse time migration with shaping regularization},
	author={Xue, Zhiguang and Chen, Yangkang and Fomel, Sergey and Sun, Junzhe},
	journal={Geophysics},
	volume={81},
	number={1},
	pages={S11--S20},
	year={2016},
	publisher={Society of Exploration Geophysicists}
}

@article{Sun2015viscoacoustic,
	title={Viscoacoustic modeling and imaging using low-rank approximation},
	author={Sun, Junzhe and Zhu, Tieyuan and Fomel, Sergey},
	journal={Geophysics},
	volume={80},
	number={5},
	pages={A103--A108},
	year={2015},
	publisher={Society of Exploration Geophysicists}
}

@article{Zhu2014q,
	title={Q-compensated reverse-time migration},
	author={Zhu, Tieyuan and Harris, Jerry M and Biondi, Biondo},
	journal={Geophysics},
	volume={79},
	number={3},
	pages={S77--S87},
	year={2014},
	publisher={Society of Exploration Geophysicists}
}


@article{Chen2019Obtaining,
	author={Yangkang Chen and Min Bai and Yunfeng Chen},
	title = {Obtaining free {USA}rray data by multi-dimensional seismic reconstruction},
	journal={Nature Communications},
	year=2019,
	volume=10,
	issue=1,
	pages={4434},
	doi={10.1038/s41467-019-12405-0},
}

@article{saad2020automatic,
	title={Automatic waveform-based source-location imaging using deep learning extracted microseismic signals},
	author={Saad, Omar M and Chen, Yangkang},
	journal={Geophysics},
	volume={85},
	number={6},
	pages={KS171--KS183},
	year={2020},
	publisher={Society of Exploration Geophysicists}
}

@article{huang2018regularized,
	title={Regularized non-stationary morphological reconstruction algorithm for weak signal detection in microseismic monitoring: methodology},
	author={Huang, Weilin and Wang, Runqiu and Chen, Yangkang},
	journal={Geophysical Journal International},
	volume={213},
	number={2},
	pages={1189--1211},
	year={2018},
	publisher={Oxford University Press}
}

@article{zhu2015seismic,
	title={Seismic data denoising through multiscale and sparsity-promoting dictionary learning},
	author={Zhu, Lingchen and Liu, Entao and McClellan, James H},
	journal={Geophysics},
	volume={80},
	number={6},
	pages={WD45--WD57},
	year={2015},
	publisher={Society of Exploration Geophysicists}
}

@article{beckouche2014simultaneous,
	title={Simultaneous dictionary learning and denoising for seismic data},
	author={Beckouche, Simon and Ma, Jianwei},
	journal={Geophysics},
	volume={79},
	number={3},
	pages={A27--A31},
	year={2014},
	publisher={Society of Exploration Geophysicists}
}

@Article{qushan2017seg,
	author = {Qu, Shan and Verschuur, D.},
	year = {2017},
	issue = {08},
	pages = {5808-5813},
	title = {Simultaneous joint migration inversion for semicontinuous time-lapse seismic data},
	journal = {The 87th Annual Internaltional conference, SEG Technical Program Expanded Abstracts},
	doi = {10.1190/segam2017-17778465.1}
}

@article{Maharramov2016Time,
	author = {Maharramov, Musa and Biondi, Biondo and Meadows, Mark},
	year = {2016},
	issue = {11},
	pages = {R485-R501},
	title = {Time-lapse inverse theory with applications},
	volume = {81},
	journal = {Geophysics},
	doi = {10.1190/geo2016-0131.1}
}

@article{Gluck2000time,
	author = {Gluck, S and Deschizeaux, B and Mignot, A and Pinson, C and Huguet, F},
	year = {2000},
	issue = {01},
	pages = {1509-1512},
	title = {Time-lapse impedance inversion of post-stack seismic data},
	journal = {62nd Annual International Conference and Exhibition, EAGE, Extended Abstract},
	volume = {19},
	doi = {10.1190/1.1815693}
}

@article{abma1995lateral,
	title={Lateral prediction for noise attenuation by tx and fx techniques},
	author={Abma, Ray and Claerbout, Jon},
	journal={Geophysics},
	volume={60},
	number={6},
	pages={1887--1896},
	year={1995},
	publisher={Society of Exploration Geophysicists}
}

@article{wang1999random,
	title={Random noise attenuation using forward-backward linear prediction},
	author={Wang, Yanghua},
	journal={Journal of seismic exploration},
	vol={8},
	page={133-142},
	year={1999},
	publisher={Geophysical Press}
}

@article{gan2016velocity,
	title={Velocity analysis of simultaneous-source data using high-resolution semblance—Coping with the strong noise},
	author={Gan, Shuwei and Wang, Shoudong and Chen, Yangkang and Qu, Shan and Zu, Shaohuan},
	journal={Geophysical Journal International},
	volume={204},
	number={2},
	pages={768--779},
	year={2016},
	publisher={Oxford University Press}
}

@article{huang1998empirical,
	title={The empirical mode decomposition and the Hilbert spectrum for nonlinear and non-stationary time series analysis},
	author={Huang, Norden E and Shen, Zheng and Long, Steven R and Wu, Manli C and Shih, Hsing H and Zheng, Quanan and Yen, Nai-Chyuan and Tung, Chi Chao and Liu, Henry H},
	journal={Proceedings of the Royal Society of London. Series A: mathematical, physical and engineering sciences},
	volume={454},
	number={1971},
	pages={903--995},
	year={1998},
	publisher={The Royal Society}
}

@article{bekara2007local,
	title={Local singular value decomposition for signal enhancement of seismic data},
	author={Bekara, Ma{\"\i}za and Van der Baan, Mirko},
	journal={Geophysics},
	volume={72},
	number={2},
	pages={V59--V65},
	year={2007},
	publisher={Society of Exploration Geophysicists}
}

@article{fomel2013seismic,
	title={Seismic data decomposition into spectral components using regularized nonstationary autoregression Regularized nonstationary autoregression},
	author={Fomel, Sergey},
	journal={Geophysics},
	volume={78},
	number={6},
	pages={O69--O76},
	year={2013},
	publisher={GeoScienceWorld}
}

@article{forghani2013effective,
	title={An effective noise-suppression technique for surface microseismic data},
	author={Forghani-Arani, Farnoush and Willis, Mark and Haines, Seth S and Batzle, Mike and Behura, Jyoti and Davidson, Michael},
	journal={Geophysics},
	volume={78},
	number={6},
	pages={KS85--KS95},
	year={2013},
	publisher={Society of Exploration Geophysicists}
}

@article{han2015microseismic,
	title={Microseismic and seismic denoising via ensemble empirical mode decomposition and adaptive thresholding},
	author={Han, Jiajun and van der Baan, Mirko},
	journal={Geophysics},
	volume={80},
	number={6},
	pages={KS69--KS80},
	year={2015},
	publisher={Society of Exploration Geophysicists}
}

@article{gomez2016simple,
	title={A simple method inspired by empirical mode decomposition for denoising seismic data},
	author={G{\'o}mez, Juli{\'a}n L and Velis, Danilo R},
	journal={Geophysics},
	volume={81},
	number={6},
	pages={V403--V413},
	year={2016},
	publisher={Society of Exploration Geophysicists}
}

@article{mousavi2016automatic,
	title={Automatic microseismic denoising and onset detection using the synchrosqueezed continuous wavelet transform},
	author={Mousavi, S Mostafa and Langston, Charles A and Horton, Stephen P},
	journal={Geophysics},
	volume={81},
	number={4},
	pages={V341--V355},
	year={2016},
	publisher={Society of Exploration Geophysicists}
}

@article{tang2018adaptive,
	title={Adaptive threshold shearlet transform for surface microseismic data denoising},
	author={Tang, Na and Zhao, Xian and Li, Yue and Zhu, Dan},
	journal={Journal of Applied Geophysics},
	volume={153},
	pages={64--74},
	year={2018},
	publisher={Elsevier}
}

@article{li2018snr,
	title={SNR enhancement for downhole microseismic data based on scale classification shearlet transform},
	author={Li, Juan and Ji, Shuo and Li, Yue and Qian, Zhihong and Lu, Weili},
	journal={Journal of Geophysics and Engineering},
	volume={15},
	number={3},
	pages={658--667},
	year={2018},
	publisher={Oxford University Press}
}

@article{shao2019simultaneous,
	title={Simultaneous denoising of multicomponent microseismic data by joint sparse representation with dictionary learning},
	author={Shao, Jie and Wang, Yibo and Yao, Yi and Wu, Shaojiang and Xue, Qingfeng and Chang, Xu},
	journal={Geophysics},
	volume={84},
	number={5},
	pages={KS155--KS172},
	year={2019},
	publisher={Society of Exploration Geophysicists}
}

@article{iqbal2016automated,
	title={Automated SVD filtering of time-frequency distribution for enhancing the SNR of microseismic/microquake events},
	author={Iqbal, Naveed and Zerguine, Azzedine and Kaka, SanLinn and Al-Shuhail, Abdullatif},
	journal={Journal of Geophysics and Engineering},
	volume={13},
	number={6},
	pages={964--973},
	year={2016},
	publisher={Oxford University Press}
}

@incollection{huang2016improved,
	title={Improved principal component analysis for 3D seismic data simultaneous reconstruction and denoising},
	author={Huang, Weilin and Wang, Runqiu and Zhou, Yanxin and Chen, Yangkang and Yang, Runfei},
	booktitle={SEG Technical Program Expanded Abstracts 2016},
	pages={4102--4106},
	year={2016},
	publisher={Society of Exploration Geophysicists}
}

@article{chenwei2020,
  title={Random Noise Attenuation Based on Residual Convolutional Neural Network in Seismic Datasets},
  author={Yang, Liuqing and Chen, Wei and Liu, Wei and Zha, Bei and Zhu, Linqi},
  journal={IEEE Access},
  volume={8},
  pages={30271--30286},
  year={2020},
  publisher={IEEE}
}

@Article{liuwei2019ewt,
  author={W[] Liu and W[] Chen},
  title ={Recent advancements in empirical wavelet transform and its applications},
  journal={IEEE Access},
  year=2019,
  Volume=7,
  pages={103770-103780},
}

@article{chenwei2018,
  title={Automatic noise attenuation based on clustering and empirical wavelet transform},
  author={Chen, Wei and Song, Hui},
  journal={Journal of Applied Geophysics},
  volume={159},
  pages={649--665},
  year={2018},
  publisher={Elsevier}
}

@article{fomel2013seismic,
	title={Seismic data decomposition into spectral components using regularized nonstationary autoregressionRegularized nonstationary autoregression},
	author={Fomel, Sergey},
	journal={Geophysics},
	volume={78},
	number={6},
	pages={O69--O76},
	year={2013},
	publisher={GeoScienceWorld}
}

@article{fomel2010seislet,
	title={Seislet transform and seislet frame},
	author={Fomel, Sergey and Liu, Yang},
	journal={Geophysics},
	volume={75},
	number={3},
	pages={V25--V38},
	year={2010},
	publisher={Society of Exploration Geophysicists}
}

@article{lv2019noise,
	title={Noise suppression of microseismic data based on a fast singular value decomposition algorithm},
	author={Lv, Hui},
	journal={Journal of Applied Geophysics},
	volume={170},
	pages={103831},
	year={2019},
	publisher={Elsevier}
}

@article{aksvd2008,
  author =	 {R[] Rubinstein and M[] Zibulevsky and M[] Elad},
  title =	 {Efficient Implementation of the {K-SVD} Algorithm using Batch Orthogonal Matching Pursuit},
  year =	 2008,
  journal =	 {Tech. Rep.},
}

@Article{wujuan2018cg1,
  author={Juan Wu and Min Bai},
  title = {Incoherent dictionary learning for reducing crosstalk noise in least-squares reverse time migration},
  journal={Computers and Geosciences},
  year=2018,
  volume=114,
  pages={11-21},
}

@article{huang2018damped,
  title={Damped dreamlet representation for exploration seismic data interpolation and denoising},
  author={Huang, Weilin and Wu, Ru-Shan and Wang, Runqiu},
  journal={IEEE Transactions on Geoscience and Remote Sensing},
  volume={56},
  number={6},
  pages={3159--3172},
  year={2018},
  publisher={IEEE}
}

@Article{baimin2018cg,
  author={Min Bai and Juan Wu and Shaohuan Zu and Wei Chen},
  title = {A structural rank reduction operator for removing artifacts in least-squares reverse time migration},
  journal={Computers and Geosciences},
  year=2018,
  volume=117,
  pages={9-20},
}

@article{liuwei2017jge,
  title={Application of variational mode decomposition to seismic random noise reduction},
  author={Liu, Wei and Cao, Siyuan and Wang, Zhiming},
  journal={Journal of Geophysics and Engineering},
  volume={14},
  number={4},
  pages={888},
  year={2017},
  publisher={IOP Publishing}
}

@Article{omar2020geo1,
  author={Omar Saad and Yangkang Chen},
  title = {Deep Denoising Autoencoder for Seismic Random Noise Attenuation},
  journal={Geophysics},
  year=2020,
  volume=85,
  issue=4,
  number=4,
  pages={V367–V376},
  doi={10.1190/geo2019-0468.1},
}


@incollection{canales1984random,
	title={Random noise reduction},
	author={Canales, Luis L},
	booktitle={SEG Technical Program Expanded Abstracts 1984},
	pages={525--527},
	year={1984},
	publisher={Society of Exploration Geophysicists}
}

@article{sahoo2013dictionary,
	title={Dictionary training for sparse representation as generalization of k-means clustering},
	author={Sahoo, Sujit Kumar and Makur, Anamitra},
	journal={IEEE Signal Processing Letters},
	volume={20},
	number={6},
	pages={587--590},
	year={2013},
	publisher={IEEE}
}

@incollection{kaplan2009sparse,
	title={Sparse coding for data-driven coherent and incoherent noise attenuation},
	author={Kaplan, Sam T and Sacchi, Mauricio D and Ulrych, Tadeusz J},
	booktitle={SEG Technical Program Expanded Abstracts 2009},
	pages={3327--3331},
	year={2009},
	publisher={Society of Exploration Geophysicists}
}

@article{Bechouche2014Simultaneous,
	title={Simultaneous dictionary learning and denoising for seismic data},
	author={ Beckouche, Simon  and  Ma, Jianwei },
	journal={Geophysics},
	volume={79},
	number={3},
	pages={A27-A31},
	year={2014},
}

@Article{yangkang2020sgk,
  author={Yangkang Chen},
  title = {Fast dictionary learning for noise attenuation of multidimensional seismic data},
  journal={Geophysical Journal International},
  year=2020,
  volume=222,
  issue=1,
  pages={1717-1727},
  doi={10.1093/gji/ggaa184},
}

@Article{yangkang2015ortho,
  author={Yangkang Chen and Sergey Fomel},
  title = {Random noise attenuation using local signal-and-noise orthogonalization},
  journal={Geophysics},
  volume=80,
  year=2015,
  issue=6,
  number=6,
  pages={W{D}1-W{D}9},
}

@article{jeong2019enhanced,
  title={Enhanced elastic wavefield separation using local orthogonalization filtering with applications in elastic modelling and inversion},
  author={Jeong, Woodon and Tsingas, Constantinos and Kim, Young Seo},
  journal={Journal of Applied Geophysics},
  volume={160},
  pages={131--143},
  year={2019},
  publisher={Elsevier}
}

@article{sripanich2017elastic,
  title={Elastic wave-vector decomposition in heterogeneous anisotropic media},
  author={Sripanich, Yanadet and Fomel, Sergey and Sun, Junzhe and Cheng, Jiubing},
  journal={Geophysical Prospecting},
  volume={65},
  number={5},
  issue=5,
  pages={1231--1245},
  year={2017},
  publisher={European Association of Geoscientists \& Engineers}
}


@Article{zhangdong2020ortho,
  author={Dong Zhang and E[] Verschuur and Shan Qu and Yangkang Chen},
  title = {Surface-related multiple leakage extraction using local primary-and-multiple orthogonalization},
  journal={Geophysics},
  year=2020,
  volume=85,
  issue=1,
  number=1,
  pages={V81–V97},
  doi={10.1190/GEO2019-0465.1},
}
@Article{zhangdong2020ortho,
  author={Dong Zhang and E[] Verschuur and Shan Qu and Yangkang Chen},
  title = {Surface-related multiple leakage extraction using local primary-and-multiple orthogonalization},
  journal={Geophysics},
  year=2020,
  volume=85,
  issue=1,
  number=1,
  pages={V81–V97},
  doi={10.1190/GEO2019-0465.1},
}

@Article{yangkang2015orthogroll,
  author={Yangkang Chen and Shebao Jiao and Jianwei Ma and Hanming Chen and Yatong Zhou and Shuwei Gan},
  title = {Ground-Roll Noise Attenuation Using a Simple and Effective Approach Based on Local Band-Limited Orthogonalization},
  journal={IEEE Geoscience and Remote Sensing Letters},
  year=2015,
  volume=12,
  pages={2316-2320},
}

@Article{guoyin2018,
  author={Guoyin Zhang and Zhizhang Wang and Yangkang Chen},
  title = {Deep learning for Seismic Lithology Prediction},
  journal={Geophysical Journal International},
  year=2018,
  volume=215,
  pages={1368–1387},
  doi={10.1093/gji/ggy344},
}
 
 
@Article{wanghang2021geo,
  author={Hang Wang and Wei Chen and Weilin Huang and Shaohuan Zu and Xingye Liu and Liuqing Yang and Yangkang Chen},
  title = {Non-stationary predictive filtering for seismic random noise suppression - A tutorial},
  journal={Geophysics},
  year=2021,
  pages={doi: 10.1190/geo2020-0368.1},
  doi={10.1190/geo2020-0368.1},
}

@Article{wanghang2020,
  author={Hang Wang and Quan Zhang and Guoyin Zhang and Jinwei Fang and Yangkang Chen},
  title = {Self-training and learning the waveform features of microseismic data using an adaptive dictionary},
  journal={Geophysics},
  year=2020,
  volume=85,
  issue=3,
  number=3,
  pages={KS51-KS61},
  doi={10.1190/geo2019-0213.1},
}


@article{chen2016double,
	title={Double-sparsity dictionary for seismic noise attenuation},
	author={Chen, Yangkang and Ma, Jianwei and Fomel, Sergey},
	journal={Geophysics},
	volume={81},
	number={2},
	pages={V103--V116},
	year={2016},
	publisher={Society of Exploration Geophysicists}
}

@article{Aharon2006,
	title={$rm K$-SVD: An Algorithm for Designing Overcomplete Dictionaries for Sparse Representation},
	author={Aharon, M and Elad, M and Bruckstein, A},
	journal={IEEE Transactions on Signal Processing},
	volume={54},
	pages={4311-4322},
	year={2006},
}

@article{sahoo2013dictionary,
	title={Dictionary training for sparse representation as generalization of k-means clustering},
	author={Sahoo, Sujit Kumar and Makur, Anamitra},
	journal={IEEE Signal Processing Letters},
	volume={20},
	number={6},
	pages={587--590},
	year={2013},
	publisher={IEEE}
}

@article{wang2020fast,
	title={Fast Dictionary Learning for High-Dimensional Seismic Reconstruction},
	author={Wang, Hang and Chen, Wei and Zhang, Quan and Liu, Xingye and Zu, Shaohuan and Chen, Yangkang},
	journal={IEEE Transactions on Geoscience and Remote Sensing},
	year={2020},
	publisher={IEEE}
}

