@Article={yang,
  author={Y[] Liu and S[] Fomel},
  title={Seismic data analysis using local time-frequency decomposition},
  journal={Geophysical Prospecting},
  year=2012,
  pages={doi:10.1111/j.1365-2478.2012.01062.x},
}
@Article{yangkang2015pnmo,
  author={Yangkang Chen and Zhaoyu Jin and Shuwei Gan and Wencheng Yang and Kui Xiang and Min Bai and Weilin Huang},
  title = {Iterative deblending using shaping regularization with a combined {PNMO-MF-FK} coherency filter},
  journal={Journal of Applied Geophysics},
  year=2015,
  volume=122,
  pages={18-27},
}
@Article{abma2014,
  author={R[] Abma},
  title={Shot scheduling in simultaneous shooting},
  journal={84th Annual International Meeting, SEG, Expanded Abstracts},
  year=2014,
  pages={94-98}
}

@Article{vrabie2004,
  author={V[] D[] Vrabie and J[] L[] Mars and T[] L[] Lacoume},
  title ={Modified SVD by means of ICA},
  journal={Signal Processing},
  year=2004,
  Volume=84,
  pages={645-652},
}
@Article{freire1988svdsnr,
  author={S[] L[] M[] Freire and T[] J[] Ulrych},
  title ={Application of singular value decomposition to vertical seismic profiling},
  journal={Geophysics},
  volume=53,
  year=1988,
  pages={778-785},
}

@article{svmc,
  author =	 {J[] F[] Cai and E[] J[] Cand\'{e}s and Z[] Shen},
  title =	 {A singular value thresholding algorithm for matrix completion},
  journal = 	 {SIAM J. Opt.},
  year = 	 2010,
  volume =	 20,
}

@Book{golub1996,
  author =	 {G[] H[] Golub and C[] F[] Van Loan},
  title =	 {Matrix computations (third edition)},
  publisher =	 {John Hopkins University Press},
  year =	 1996
}

@Article{shuwei2015vel,
  author={S[] Gan and Y[] Chen and S[] Qu and T[] Liu},
  title = {Velocity analysis of simultaneous-source data using similarity-weighted semblance},
  journal={77th Annual International Conference and Exhibition, EAGE, Extended Abstracts},
  year=2014,
  pages={DOI: 10.3997/2214-4609.201413050},
}


@Article{shuwei2015,
  author={S[] Gan and Y[] Chen and S[] Zu and S[] Qu and W[] Zhong},
  title = {Structure-oriented singular value decomposition for signal enhancement of seismic data},
  journal={Journal of Geophysics and Engineering},
  year=2015,
  volume=12,
  pages={262-272},
}

@Article{sdrnar,
  author={S[] Fomel},
  title={Seismic data decomposition into spectral components using regularized nonstationary autoregression},
  journal={82nd Annual International Meeting, SEG, Expanded Abstracts},
  year=2012,
  pages={doi:http://dx.doi.org/10.1190/segam2012-1416.1},
}
@Article{sixuethesis,
  author = {Sixue Wu},
  title ={Seismic Deblending By Shot Repetition},
  journal={Master thesis, Delft University of Technology},
  year=2014,
}
@Article{fomel2002pwd,
  author={Sergey Fomel},
  title={Application of plane-wave destruction filters},
  journal={Geophysics},
  year=2002,
  Volume=67,
  pages={1946-1960},
}
@Article{fomel2010painting,
  author = 	 {S[] Fomel},
  title = 	 {Predictive painting of 3-{D} seismic volumes},
  journal = 	 {Geophysics},
  year = 	 2010,
  volume =	 75,
  pages =	 {A25-A30},
}
@Article{mada2013,
  author={Sergey Fomel and P[] Sava and I[] Vlad and Y[] Liu and V[] Bashkardin},
  title={Madagascar open-source software project},
  journal = 	 {Journal of Open Research Software},
  year = 	 2013,
  volume =	 1,
  pages =	 {e8},
}

@Article{qushan2015,
  author={Shan Qu and Hui Zhou and Yangkang Chen and Sa Yu and Hongjing Zhang and Jiang Yuan and Yahui Yang and Mo Qin},
  title = { An effective method for reducing harmonic distortion in correlated vibroseis data },
  journal={Journal of Applied Geophysics},
  year=2015,
  volume=115,
  pages={120-128},
}    
@Article{liuyang2013,
  author = 	 {Yang Liu and Cai Liu},
  title = 	 {Velocity-dependent seislet transform and its applications},
  journal = 	 {83rd Annual International Meeting, SEG, Expanded Abstracts},
  year = 	 2013,
  pages =	 {3661-3666},
}

@Article{liuyang2010,
  author = 	 {Yang Liu and Sergey Fomel},
  title = 	 {OC-seislet: Seislet transform construction with differential offset continuation},
  journal = 	 {Geophysics},
  year = 	 2010,
  volume =	 75,
  pages =	 {WB235-WB245},
}
@Article{yangkang2015image,
  author={Yangkang Chen and Jiang Yuan and Shaohuan Zu and Shan Qu and Shuwei Gan},
  title = {Seismic imaging of simultaneous-source data using constrained least-squares reverse time migration},
  journal={Journal of Applied Geophysics},
  year=2015,
  volume=114,
  pages={32-35},
}
@Article{shengxu2010,
  author={Sheng Xu and Yu Zhang and Gilles Lambare},
  title={Antileakage Fourier transform for seismic data regularization in higher dimensions},
  journal={Geophysics},
  year=2010,
  volume=75,
  pages={WB113-WB120},
}
@Article{yangkang20142,
  author={Yangkang Chen and Sergey Fomel and Jingwei Hu},
  title ={Iterative deblending of simultaneous-source seismic data using seislet-domain shaping regularization},
  journal={Geophysics},
    volume =	 79,
  year=2014,
  pages={V179-V189},
}
@article{yangkang2014nmo,
  author={Yangkang Chen and Jiang Yuan and Zhaoyu Jin and Keling Chen and Lele Zhang},
  title={Deblending using normal moveout and median filtering in common-midpoint gathers},
  journal={Journal of Geophysics and Engineering},
  volume={11},
  number={4},
  pages={045012},
  url={http://stacks.iop.org/1742-2140/11/i=4/a=045012},
  year={2014},
  abstract={The benefits of simultaneous source acquisition are compromised by the challenges of dealing with intense blending noise. In this paper, we propose a processing workflow for blended data. The incoherent property of blending noise in the common-midpoint gathers is utilized for applying median filtering along the spatial direction after normal moveout (NMO) correction. The key step in the proposed workflow is that we need to obtain a precise velocity estimation which is required by the subsequent NMO correction. Because of the intense blending noise, the velocity scan cannot be obtained in one step. We can recursively polish both the deblended result and the velocity estimation by deblending using the updated velocity estimation and velocity scanning using the updated deblended result. We use synthetic and field data examples to demonstrate the performance of the proposed approach. The migrated image of deblended data is cleaner than that of blended data and is similar to that of unblended data.}
}

@Article{zhiguang2014,
  author={Zhiguang Xue and Yangkang Chen and Sergey Fomel and Junzhe Sun},
  title={Imaging incomplete data and simultaneous-source data using least-squares reverse-time migration
with shaping regularization},
  journal={84th Annual International Meeting, SEG, Expanded Abstracts},
  year=2014,
  pages={3991-3996},
}
@Article{mahdad2011,
  author = 	 {Araz Mahdad and Panagiotis Doulgeris and Gerrit Blacquiere},
  title = 	 {Separation of blended data by iterative estimation and subtraction of blending interference noise},
  journal = 	 {Geophysics},
  year = 	 2011,
  volume =	 76,
  pages =	 {Q9-Q17},
}
@Article{yangkang2014simi,
  author={Yangkang Chen and Sergey Fomel},
  title = {Random noise attenuation using local similarity},
  journal={SEG expanded abstracts: 84th Annual international meeting},
  year=2014,
  pages={4360-4365},
}

@Article{mediandeblend,
  author={Shoudong Huo and Yi Luo and Panos G[] Kelamis},
  title={Simultaneous sources separation via multidirectional vector-median filtering},
  journal = 	 {Geophysics},
  year = 	 2012,
  volume =	 77,
  pages =	 {V123-V131},
}
@Article{yangkang2014,
  author={Yangkang Chen and Jitao Ma},
  title ={Random noise attenuation by \emph{f-x} empirical mode decomposition predictive filtering},
  journal={Geophysics},
  year=2014,
  Volume=79,
  pages={V81-V91},
}
@Article{spitz1991,
  author={S[] Spitz},
  title={Seismic trace interpolation in the F-X domain},
  journal={Geophysics},
  year=1991,
  volume=56,
  pages={785-794},
}
@Article{berkhout2008,
  author = {A[] J[] Berkhout},
  title ={Changing the mindset in seismic data acquisition},
  journal={The Leading Edge},
  Volume=27,
  year=2008,
  pages={924-938},
}
@Article{porsani1999,
  author={M[] J[] Porsani},
  title={Seismic trace interpolation using half-step prediction filters},
  journal={Geophysics},
  year=1999,
  volume=64,
  pages={1461-1467},
}

@Article{wang2002,
  author={Y[] Wang},
  title={Seismic trace interpolation in the fxy domain},
  journal={Geophysics},
  year=2002,
  volume=67,
  pages={1232-1239},
}

@Article{mostafa2007,
  author={M[] Naghizadeh and Mauricio D[] Sacchi},
  title={Multistep autoregressive reconstruction of seismic records},
  journal={Geophysics},
  year=2007,
  volume=72,
  pages={V111-V118},
}

@Article{candes20062,
  author={E[] J[] Cand\`{e}s and J[] Romberg and T[] Tao},
  title={Robust uncertainty principles: Exact signal reconstruction from highly incomplete frequency information},
  journal={IEEE Transactions on Information Theory},
  year=2006,
  Volume=52,
  pages={489-509},
}



@Article{donoho2006,
  author={D[] L[] Donoho},
  title={Compressed sensing},
  journal={IEEE transactions on Information Theory},
  year=2006,
  Volume=52,
  pages={1289-1306},
}

@book{mallat2009,
  author={S[] G[] Mallat},
  title={A wavelet tour of signal processing: The sparse way},
  publisher={Academic Press},
  year=2009,
}

@Article{herrmann2010,
  author={Felix J[] Herrmann},
  title={Randomized sampling and sparsity: Getting more information from fewer samples},
  journal={Geophysics},
  year=2010,
  Volume=75,
  pages={WB173-WB187},
}

@Article{sacchi1998,
  author={M[] Sacchi and T[] Ulrych and C[] Walker},
  title={Interpolation and extrapolation using a high-resolution discrete Fourier transform},
  journal={IEEE Transactions on Signal Processing},
  year=1998,
  volume=46,
  pages={31-38},
}

@Article{zwartjes20071,
  author={P[] Zwartjes and A[] Gisolf},
  title={Fourier construction with sparse inversion},
  journal={Geophysical Prospecting},
  year=2007,
  volume=55,
  pages={199-221},
}

@Article{zwartjes20072,
  author={P[] Zwartjes and M[] D[] Sacchi},
  title={Fourier reconstruction of nonuniformly sampled, aliased seismic data},
  journal={Geophysics},
  year=2007,
  volume=72,
  pages={V21-V32},
}

@Article{pengliang2012,
  author={Pengliang Yang and Jinghuai Gao and Wenchao Chen},
  title={Curvelet-based POCS interpolation of nonuniformly sampled seismic records},
  journal={Journal of Applied Geophysics},
  year=2012,
  volume=79,
  pages={90-99},
}

@Article{pengliang2013,
  author={Pengliang Yang and Jinghuai Gao and Wenchao Chen},
  title={On analysis-based two-step interpolation methods for randomly sampled seismic data},
  journal={Computers \& Geosciences},
  year=2013,
  volume=51,
  pages={449-461},
}

@Article{liuyang2011rna,
  author = 	 {Y[] Liu and Sergey Fomel},
  title = 	 {Seismic data interpolation beyond aliasing using regularized nonstationary autoregression},
  journal = 	 {Geophysics},
  year = 	 2011,
  volume =	 76,
  pages =	 {V69-V77},
}

@Article{liuyang20102,
  author = 	 {Yang Liu and Sergey Fomel and Guochang Liu},
  title = 	 {Nonlinear structure-enhancing filtering using plane-wave prediction},
  journal = 	 {Geophysical Prospecting},
  year = 	 2010,
  volume =	 58,
  pages =	 {415-427},
}

@Article{fomel2002pwd,
  author={Sergey Fomel},
  title={Application of plane-wave destruction filters},
  journal={Geophysics},
  year=2002,
  Volume=67,
  pages={1946-1960},
}

@Article{canning1996,
  author={A[] Canning and G[] H[] F[] Gardner},
  title={Reducing 3{D} acquisition footprint for 3{D} DMO and 3{D} prestack migration},
  journal={Geophysics},
  year=1996,
  volume=63,
  pages={1177-1183},
}

@Article{bleistein2000,
  author={N[] Bleistein and H[] Jaramillo},
  title={A platform for Kirchhoff data mapping in scalar models of data acquisition},
  journal={Geophysical Prospecting},
  year=2000,
  volume=48,
  pages={135-161},
}

@Article{stolt2002,
  author={R[] H[] Stolt},
  title={Seismic data mapping and reconstruction},
  journal={Geophysics},
  year=2002,
  volume=67,
  pages={890-908},
}

@Article{wang2003,
  author={Y[] Wang},
  title={Sparseness-constrained least-squares inversion: application to seismic wave propagation},
  journal={Geophysics},
  year=2003,
  volume=68,
  pages={1633-1638},
}

@Article{fomel2003,
  author={S[] Fomel},
  title={Seismic reflection data interpolation with differential offset and shot continuation},
  journal={Geophysics},
  year=2003,
  volume=68,
  pages={733-744},
}

@Article{curvelet,
 author={F[] J[] Herrmann and G[] Hennenfent},
 title={Non-parametric seismic data recovery with curvelet frames},
 journal={Geophysical Journal International},
 Volume=173,
 year=2008,
 pages=233-248,
}
  
@Article{pengliang20131,
  author={Pengliang Yang and Jinghuai Gao and Wenchao Chen},
  title={An iterative half thresholding method for seismic data interpolation},
  journal={83rd Annual International Meeting, SEG, Expanded Abstracts},
  year=2013,
  pages={3579-3584},
}

@Article{jianjun2010,
  author={Jianjun Gao and Xiaohong Chen and Guochang Liu and J[] Ma},
  title={Irregular seismic data reconstruction based on exponentional threshold model of POCS method},
  journal={Applied Geophysics},
  year=2010,
  Volume=B,
  pages={229-238},
}

@Article{zongben2012,
  author={Z[] Xu and X[] Chang and F[] Xu and H[] Zhang},
  title={L1/2 regularization: A thresholding representation theory and a fast solver},
  journal={IEEE Transactions on neural networks and learning systems},
  year=2012,
  Volume=23,
  pages={1013-1027},
}

@Article{dian2008,
  author={Dian Wang and Cai Liu and Yang Liu and Guochang Liu},
  title={Application of wavelet transform based on lifting scheme and percentiles soft-threshold to elimination of seismic random noise},
  journal={Progress in Geophysics (in Chinese)},
  year=2008,
  Volume=23,
  pages={1124-1130},
}
@Article{guochang2009,
author={G[] Liu and S[] Fomel and L[] Jin and X[] Chen},
title={Stacking seismic data using local correlation},
journal={Geophysics},
volume=74,
year=2009,
pages={V43-V48}
}

@Article{hennenfent2006,
  author={G[] Hennenfent and F[] Herrmann},
  title={Seismic denoising with nonunformly sampled curvelets},
  journal={Computing in Science \& Engineering},
  year=2006,
  volume=8,
  pages={16-25},
}

@Article{bouska2009,
  author={Jack Bouska},
  title={Distance separated simultaneous sweeping: efficient 3D Vibroseis acquisition in Oman},
  journal={79th Annual International Meeting, SEG, Expanded Abstracts},
  year=2009,
  pages={1-5}
}
@Article{fomel2002pwd,
  author={Sergey Fomel},
  title={Application of plane-wave destruction filters},
  journal={Geophysics},
  year=2002,
  Volume=67,
  pages={1946-1960},
}
@Article{abma2014,
  author={R[] Abma},
  title={Shot scheduling in simultaneous shooting},
  journal={84th Annual International Meeting, SEG, Expanded Abstracts},
  year=2014,
  pages={94-98}
}

@Article{shuwei2015seg,
  author={Shuwei Gan and Shoudong Wang and Yangkang Chen and Xiaohong Chen},
  title = {Deblending of distance separated simultaneous-source data using seislet frames in the shot domain},
  journal={SEG expanded abstracts: 85th Annual international meeting},
  year=2015,
  pages={65-70},
}
@article{huijian2016,
  author =	 {H[] Li and R[] Wang and S[] Cao and Yangkang Chen and Weilin Huang},
  title =	 {A method for low-frequency noise suppression based on mathematical morphology in microseismic monitoring},
  journal = 	 {Geophysics},
  year = 	 2016,
  volume =	81,
  issue=3,
  pages =	 {V159-V167},
}
@Article{yangkang2016irr5d,
  author={Yangkang Chen and Dong Zhang and Zhaoyu Jin and Xiaohong Chen and Shaohuan Zu and Weilin Huang and Shuwei Gan},
  title = {Simultaneous denoising and reconstruction of 5{D} seismic data via damped rank-reduction method},
  journal={Geophysical Journal International},
  year=2016,
  volume=206,
  issue=3,
  pages={1695-1717},
}

@Article{yangkang2015ortho,
  author={Yangkang Chen and Sergey Fomel},
  title = {Random noise attenuation using local signal-and-noise orthogonalization},
  journal={Geophysics},
  volume=80,
  year=2015,
  issue=6,
  pages={W{D}1-W{D}9},
}

@Article{weilin2016,
  author={Weilin Huang and Runqiu Wang and  Yangkang Chen and Huijian Li and Shuwei Gan},
  title = {Damped Multichannel Singular Spectrum Analysis for 3{D} Random Noise Attenuation },
  journal={Geophysics},
  year=2016,
  volume=81,
  issue=4,
  pages={V261-V270},
}

@Article{yilmaz2001,
  author={OZ Yilmaz},
  title = {Seismic Data Analysis},
  journal={Society of Exploration Geophysicists},
  year=2001,
}

@Article{yaru2016dblend,
  author={Yaru Xue and Fanglan Chang and Dong Zhang and Yangkang Chen},
  title = {Simultaneous Sources Separation via an Iterative Rank-Increasing Method},
  journal={IEEE Geoscience and Remote Sensing Letters},
  year=2016,
  volume=13,
  number=12,
  issue=12,
  pages={1915 - 1919},
}

@Article{milton2009,
  author={Milton Porsani and Michelngelo G[] Silva and E[] M[] Melo and B[] Ursin},
  title ={Ground-roll attenuation based on SVD filtering},
  journal={79th Annual International Meeting, SEG, Expanded Abstracts},
  year=2009,
  pages={3381-3385},
}

@book{candes2000,
  author={E[] J[] Cand\`{e}s and D[] L[] Donoho},
  title={Curvelets—A surprisingly active nonadaptive representation for objects with edges},
  publisher={Vanderbilt University Press, Nashville},
  year=2000,
    pages={105-120},
}

@Article{shaohuan2016gap,
  author={Shaohuan Zu and Hui Zhou and Yangkang Chen and Xiao Pan and Shuwei Gan and Dong Zhang},
  title = {Interpolating Big Gaps Using Inversion With Slope Constraint},
  journal={IEEE Geoscience and Remote Sensing Letters},
  year=2016,
  volume=13,
  issue=9,
  pages={1369-1373},
}

@article{yatong2017,
  author =	 {Yatong Zhou},
  title =	 {A POCS method for iterative deblending constrained by a blending mask},
  year =	 2017,
  journal =	 {Journal of Applied Geophysics},
  volume =	 138,
  pages =	 {245-254},
}

@Article{weilin2017,
  author={Weilin Huang and Runqiu Wang and  Yimin Yuan and Shuwei Gan and Yangkang Chen},
  title = {Signal extraction using randomized-order multichannel singular spectrum analysis},
  journal={Geophysics},
  year=2017,
  volume=82,
  issue=2,
  pages={V59-V74},
}

@Article{yangkang2017sgk,
  author={Yangkang Chen},
  title = {Fast dictionary learning for noise attenuation of multidimensional seismic data},
  journal={Geophysical Journal International},
  year=2017,
  volume=209,
  issue=1,
  pages={21-31},
}
@Article{shaohuan2015,
  author={Shaohuan Zu and Hui Zhou and Yangkang Chen and Y[] Liu and S[] Qu},
  title = {A periodically variational dithering code for improving deblending},
  journal={SEG expanded abstracts: 85th Annual international meeting},
  year=2015,
  pages={38-42},
}
@Article{shaohuan2016,
Author = {Shaohuan Zu and Hui Zhou and Yangkang Chen and and Shan Qu and Xiaofeng Zou and Haolin Chen and Renwu Liu},
Title = {A periodically varying code for improving deblending of simultaneous sources in marine acquisition},
Journal   = {Geophysics},
Year      = {2016},
Number    = {3},
Pages     = {V213-V225},
Volume    = {81},
}

@Article{abma2010,
  author={R[] L[] Abma and T[] Manning and M[] Tanis and J[] Yu and M[] Foster},
  title={High quality separation of simultaneous sources by sparse inversion},
  journal={72nd Annual International Conference and Exhibition, EAGE, Extended Abstracts},
  year=2010,
}
@Article{sep,
  author = 	 {Araz Mahdad and Panagiotis Doulgeris and Gerrit Blacquiere},
  title = 	 {Separation of blended data by iterative estimation and subtraction of blending interference noise},
  journal = 	 {Geophysics},
  year = 	 2011,
  volume =	 76,
  pages =	 {Q9-Q17},
}

@Article{wavelet,
  author={R[] Zhang and T[] Ulrych},
  title={Physical wavelet frame denosing},
  journal={Geophysics},
  Volume=68,
  year=2003,
  pages=225-231,
}
@Article{mostafa2010,
  author={M[] Naghizadeh and Mauricio D[] Sacchi},
  title={Beyond alias hierarchical scale curvelet interpolation of regularly and irregularly sampled seismic data},
  journal={Geophysics},
  year=2010,
  volume=75,
  pages={WB189-WB202},
}

@Article{liubin2004,
  author={Bin Liu and M[] D[] Sacchi},
  title ={Minimum weighted norm interpolation of seismic records},
  journal={Geophysics},
  volume=69,
  year=2004,
  pages={1560-1568},
}

@Article{abma2006,
  author={R[] Abma and N[] Kabir},
  title = {3D interpolation of irregular data with a POCS algorithm},
  journal={Geophysics},
  Volume=71,
  year=2006,
  pages={E91-E97},
}

@Article{radon,
  author={T[] S[] Durrani and D[] Bisset},
  title={The Radon transform and its properties},
  journal={Geophysics},
  Volume=49,
  year=1984,
  pages=1180-1187,
}

@Article{seislet,
  author = 	 {S[] Fomel and Y[] Liu},
  title = 	 {Seislet transform and seislet frame},
  journal = 	 {Geophysics},
  year = 	 2010,
  volume =	 75,
  pages =	 {V25-V38}
}
@Article{liuyang20091,
  author = 	 {Y[] Liu and Sergey Fomel and Cai Liu and Dian Wang and Guochang Liu and Xuan Feng},
  title = 	 {High-order seislet transform and its application of random noise attenuation},
  journal = 	 {Chinese Journal of Geophysics},
  year = 	 2009,
  volume =	 52,
  pages =	 {2142-2151},
}
@Article{cohen1992,
  author={A[] Cohen and I[] Daubechies and J[] C[] Feauveau},
  title={Biorthogonal bases of compactly supported wavelets},
  journal={Communications on Pure and Applied Mathematics},
  year=1992,
  volume=45,
  pages={485-560},
}
@Article{lifting,
  author = {W[] Sweldens},
  title={Lifting scheme: A new philosophy in biorthogonal wavelet constructions: Wavelet Applications in Signal and Image Processing III},
  journal={Proceedings of SPIE 2569},
  year=1995,
  pages={68-79},
}
@Article{fomel4,
  author={Sergey Fomel},
  title={Towards the seislet transform},
  journal={76th Annual International Meeting, SEG, Expanded Abstracts},
  year=2006,
  pages={2847-2850},
}
@Article{battista,
  author = 	 {Bradley Matthew Battista and Camelia Knapp and Tom McGee and Vaughn Goebel},
  title = 	 {Application of the empirical mode decomposition and
{Hilbert-Huang} transform to seismic reflection data},
  journal = 	 {Geophysics},
  year = 	 2007,
  volume = 	 72,
  number = 	 2,
  pages = 	 {H29-H37}}

@Article{canales,
  author = 	 {L[] Canales},
  title = 	 {Random noise reduction},
  journal = 	 {SEG expanded abstracts:54th Annual international meeting},
  year = 	 1984,
  pages =	 {525-527}
}

@Article{reine2009,
  author = 	 {C[] Reine and M[] van der Baan and R[] Clark},
  title = 	 {The robustness of seismic attenuation measurements using fixed- and variable-window time-frequency transforms},
  journal = 	 {Geophysics},
  year = 	 2009,
  volume = 	 74,
  pages = 	 {123-135}
}
@Article{partyka1999,
  author = 	 {G[] A[] Partyka and J[] M[] Gridley and J[] Lopez},
  title = 	 {Interpretational applications of spectral decomposition in reservoir characterization},
  journal = 	 {The Leading Edge},
  year = 	 1998,
  volume = 	 18,
  pages = 	 {353-360}
}

@Article{castagna2003,
  author = 	 {J[] Castagna and S[] Sun and R[] W[] Siegfried},
  title = 	 {Instantaneous spectral analysis: Detection of low-frequency shadows associated with hydrocarbons},
  journal = 	 {The Leading Edge},
  year = 	 2003,
  volume = 	 22,
  pages = 	 {120-127}
}

@Article{daubechies2011,
  author = 	 {Ingrid Daubechies and Jianfeng Lu and Hau-Tieng Wu},
  title = 	 {Synchrosqueezed wavelet transforms: An empirical mode decomposition-like tool},
  journal = 	 {Applied and Computational Harmonic Analysis},
  year = 	 2011,
  volume = 	 30,
  pages = 	 {243-261}
}

@Article{shang2013,
  author = 	 {Shuai Shang and Liguo Han and Wei Hu},
  title = 	 {Seismic data analysis using synchrosqueezing wavelet transform},
  journal = 	 {SEG expanded abstracts: 83rd Annual international meeting},
  year = 	 2013,
  pages = 	 {4330-4334}
}

@Article{fomel20132,
  author = 	 {S[] Fomel},
  title = 	 {Seismic data decomposition into spectral components using regularized nonstationary autoregression},
  journal = 	 {Geophysics},
  year = 	 2013,
  volume =	 78,
  pages =	 {O69-O76},
}


@Article{cai,
  author = 	 {H[] Cai and Z[] He and D[] Huang},
  title = 	 {Seismic data denoising based on mixed time-frequency methods},
  journal = 	 {Applied Geophysics},
  year = 	 2011,
  volume =	 8,
  number= 	 4,
  pages =	 {319-327}
}

@Article{iatsenko2013,
  author = 	 {Dmytro Iatsenko},
  title = 	 {Linear and synchrosqueezed time-frequency representation revisited. Part II: Resolution, reconstruction and concentration.},
  journal = 	 {Digitial Signal Processing},
  year = 	 2013,
  pages =	 {in review}
}

@Article{guochang20112,
author={G[] Liu and X[] Chen and J[] Du and J[] Song},
title={Seismic noise attenuation using nonstationary polynomial fitting},
journal={Applied Geophysics},
volume=8,
number=1,
year=2011,
pages={18-26},
}

@Article{pei2007,
author={Soo-Chang Pei and Jian-jiun Ding},
title={Relations Between Gabor Transforms and Fractional Fourier Transforms and Their Applications for Signal Processing},
journal={IEEE TRANSACTIONS ON SIGNAL PROCESSING},
volume=55,
number=10,
year=2007,
pages={4839-4850},
}



@incollection{tow,
author = {S[] Fomel},
title = {Towards the seislet transform},
booktitle = {76th Ann. Internat. Mtg.},
year = {2006},
publisher = {Soc. Expl. Geophys.},
pages = {2847-2851}
}

@Article{seislet,
  author = 	 {S[] Fomel and Y[] Liu},
  title = 	 {Seislet transform and seislet frame},
  journal = 	 {Geophysics},
  year = 	 2010,
  volume =	 75,
  pages =	 {V25-V38}
}

@Article{guo,
  author = 	 {J[] Guo and X[] Zhou and H[] Yang},
  title = 	 {Attenuation of random noise in $(f-x,y)$ domain},
  journal = 	 {Oil Geophysical Prospecting},
  year = 	 1995,
  volume =	 30,
  number=        2,
  pages =	 {207-215}
}

@Article{gao,
  author = 	 {J[] Gao and J[] Mao and W[] Chen and Q[] Zheng},
  title = 	 {On the denoising method of prestack seismic data in wavelet domain},
  journal = 	 {Chinese J. Geophys},
  year = 	 2006,
  volume =	 49,
  number= 	 4,
  annote=        {in Chinese},
  pages =	 {1155-1163}
}
@Article{har,
  author = 	 {P[] Harris and R[] White},
  title = 	 {Improving the performance of f-x prediction at low signal-to-noise ratios},
  journal = 	 {Geophysical Prospecting},
  year = 	 1997,
  volume =	 45,
  pages =	 {269-302}
}


@Article{kang,
  author = 	 {Y[] Kang and C[] Yu and W[] Jia and C[] Wang},
  title = 	 {A study on noise-suppression method in f-x domain},
  journal = 	 {Oil Geophysical Prospecting},
  year = 	 2003,
  volume =	 38,
  number=        2,
  pages =	 {136-138}
}

@Article{emd,
  author = 	 {Norden E. Huang and Zheng Shen and Steven R. Long and Manli C. Wu and Hsing H. Shih and Quanan Zheng and Nai-Chyuan Yen and Chi Chao Tung and Henry H. Liu},
  title = 	 {The empirical mode decomposition and the {Hilbert} spectrum for nonlinear and non-stationary time series analysis},
  journal = 	 {Proceeding of the Royal Society of London Series A},
  year = 	 1998,
  volume = 	 454,
  pages = 	 {903-995}}



@Article{bekara,
  author = 	 {M[] Bekara and Mirko van~der~Baan},
  title = 	 {Random and coherent noise attenuation by empirical mode decomposition},
  journal = 	 {Geophysics},
  year = 	 2009,
  volume = 	 74,
  number = 	 5,
  pages = 	 {V89-V98}}

@incollection{bekara1,
author = {M[] Bekara and Mirko van~der~Baan},
title = { \emph{F-x} Noise Attenuation by Empirical Mode Decomposition},
year = {2008},
publisher = {ROME Leveraging Technology},

}

@Article{bekara2007,
  author = 	 {M[] Bekara and Mirko van~der~Baan},
  title = 	 {Local singular value decomposition for signal enhancement of seismic data},
  journal = 	 {Geophysics},
  year = 	 2007,
  volume = 	 72,
  number = 	 2,
  pages = 	 {V59-V65}}

@Article{neelamani,
author={R[] Neelamani and A[] Baumstein and D[] Gillard and M[] Hadidi and W[] Soroka},
title={Coherent and random noise attenuation using the curvelet transform},
journal={The Leading Edge},
volume=27,
year=2008,
pages={240-248},
}

@Article{liu,
author={C[] Liu and H[] Li and C[] Tao and Y[] Liu and D[] Wang and C[] Gu},
title={A new fuzzy nesting multilevel median filter and its application to seismic data processing},
journal={Chinese J. Geophysics},
annote={in Chinese},
year=2007,
volume=50,
number=5,
pages(1534-1542),
}
@Article{zhipeng,
author={Z[] Liu and X[] Chen and J[] Li},
title={Noncasual spatial prediction filtering based on an ARMA model},
journal={Applied Geophysics},
volume=6,
number=2,
year=2009,
pages={122-128}
}
@Article{guochang,
author={G[] Liu and S[] Fomel and L[] Jin and X[] Chen},
title={Stacking seismic data using local correlation},
journal={Geophysics},
volume=74,
year=2009,
pages={V43-V48}
}
@Article{yang,
author={Y[] Liu and S[] Fomel and C[] Liu and D[] Wang and G[] Liu and X[] Feng},
title={High-order seislet transform and its application of random noise attenuation},
journal={Chinese J. Geophysics},
volume=52,
year=2009,
annote={in Chinese},
pages={2142-2151}
}
@Article{guochang1,
author={G[] Liu and X[] Chen and J[] Du and J[] Song},
title={Seismic noise attenuation using nonstationary polynomial fitting},
journal={Applied Geophysics},
volume=8,
number=1,
year=2011,
pages={18-26},
}
@Article{mayne,
author={W[] Mayne},
title={Common reflection point horizontal data stacking techniques},
journal={Geophysics},
volume=27,
year=1962,
pages={927-938}
}
@Article{su,
  author = 	 {G[] Su and X[] Zhou and C[] Li},
  title = 	 { Prediction noise elimination in \emph{F-XYZ} domain},
  journal = 	 { Oil Geophysical Prospecting},
  year = 	 1998,
  volume = 	 33,
  number = 	 1,
  pages = 	 {95-103}}
@Article{treitel,
  author = 	 {S[] Treitel},
  title = 	 {The complex Wiener filter},
  journal = 	 { Geophysics},
  year = 	 1974,
  volume = 	 39,
  pages = 	 {169-173}}
@Article{tufts,
  author = 	 {D[] Tufts and R[] Kumaresan},
  title = 	 {Estimation of frequencies of multiple sinusoids: Making linear prediction perform like maximum likelihood},
  journal = 	 { Proceedings of the IEEE},
  year = 	 1980,
  volume = 	 70,
  pages = 	 {975-989}}

@Book{yilmaz,
  author = 	 {O[] Yilmaz},
  title = 	 { Seismic data analysis: Processing, inversion, and interpretation of seismic data},
  publisher = 	 {Soc. Expl. Geophys.},
  year = 	 2001}

@Article{zhang,
  author = 	 {R[] Zhang and T[] Ulrych},
  title = 	 {Physical wavelet frame denoising},
  journal = 	 {Geophysics},
  year = 	 2003,
  volume = 	 68,
  pages = 	 {225-231}}

@Article{zhong,
  author = 	 {W[] Zhong and B[] Yang and Z[] Zhang},
  title = 	 {Research on application of polynomial fitting technique in highly noisy seismic data},
  journal = 	 {Progress in Geophysics},
  year = 	 2006,
  volume = 	 21,
  number = 	 1,
  pages = 	 {184-189}}

@Article{mao2007,
  author = 	 {Y[] Mao and P[] Que},
  title = 	 {Noise suppression and flawdetection of ultrasonic signals via empirical mode decomposition},
  journal = 	 {Rus. J. Nondestruct. Test.},
  year = 	 2007,
  volume = 	 43,
  number = 	 1,
  pages = 	 {196-203}}

@Article{kopsinis2009,
  author = 	 {Y[] Kopsinis},
  title = 	 {Development of EMD-Based Denoising Methods Inspired by Wavelet Thresholding},
  journal = 	 {Signal Processing, IEEE Transactions on},
  year = 	 2009,
  volume = 	 57,
  number = 	 1,
  pages = 	 {1351 - 1362}}

@Article{kopecky2010,
  author = 	 {M. Kopecky},
  title = 	 {Ensemble Empirical Mode Decomposition: Image Data Analysis with White-noise Reflection},
  journal = 	 {Acta Polytechnica},
  year = 	 2010,
  volume = 	 50,
  number = 	 1,
  pages = 	 {49-56}}

@Article{wu2009,
  author = 	 {Z[] Wu and N[] E[] Huang},
  title = 	 {Ensemble empirical mode decomposition: A noise-assisted data analysis method},
  journal = 	 {Advances in Adaptive Data Analysis},
  year = 	 2009,
  volume = 	 01,
  number = 	 1,
  pages = 	 {1-41}}

@Article{torres2011,
  author = 	 {M[] E[] Torres and M[] A[] Colominas and G[] Schlotthauer and P[] Flandrin},
  title = 	 {A complete ensemble empirical mode decomposition with adaptive noise},
  journal = 	 {IEEE International Conference on Acoustics, Speech and Signal Proces- sing (ICASSP)},
  year = 	 2011,
  number = 	 1,
  pages = 	 {4144–4147}}
  
  @Article{yangkang2016wfshape,
  author={Yangkang Chen and Zhaoyu Jin},
  title = {Simultaneously removing noise and increasing resolution of seismic data using waveform shaping},
  journal={IEEE Geoscience and Remote Sensing Letters},
  year=2015,
  volume=13,
  number=1,
  pages={102-104},
}
  @Article={yang,
  author={Y[] Liu and S[] Fomel},
  title={Seismic data analysis using local time-frequency decomposition},
  journal={Geophysical Prospecting},
  year=2012,
  pages={doi:10.1111/j.1365-2478.2012.01062.x},
}
@Article{beasleycj1998,
  author = {C[] J[] Beasley and R[] E[] Chambers and Z[] Jiang},
  title ={A new look at simultaneous sources},
  journal={68th Annual International Meeting, SEG, Expanded Abstracts},
  year=1998,
  pages={133-135},
}
@Article{yangkang2015,
  author={Y[] Chen and S[] Gan and T[] Liu and J[] Yuan and Y[] Zhang and Z[] Jin},
  title = {Random noise attenuation by a selective hybrid approach using f-x empirical mode decomposition},
  journal={Journal of Geophysics and Engineering},
  year=2015,
  volume=12,
  pages={12-25},
}
@Article{yangkang2015ortho,
  author={Yangkang Chen and Sergey Fomel},
  title = {Random noise attenuation using local signal-and-noise orthogonalization},
  journal={Geophysics},
  volume=80,
  year=2015,
  pages={WD1-WD9},
}
@Article{arazthesis,
  author = {Araz Mahdad},
  title ={Deblending of seismic data},
  journal={TU Delft, PhD thesis},
  year=2012,
}
@article{yangkang2014nmo,
  author={Yangkang Chen and Jiang Yuan and Zhaoyu Jin and Keling Chen and Lele Zhang},
  title={Deblending using normal moveout and median filtering in common-midpoint gathers},
  journal={Journal of Geophysics and Engineering},
  volume={11},
  number={4},
  pages={045012},
  url={http://stacks.iop.org/1742-2140/11/i=4/a=045012},
  year={2014},
  abstract={The benefits of simultaneous source acquisition are compromised by the challenges of dealing with intense blending noise. In this paper, we propose a processing workflow for blended data. The incoherent property of blending noise in the common-midpoint gathers is utilized for applying median filtering along the spatial direction after normal moveout (NMO) correction. The key step in the proposed workflow is that we need to obtain a precise velocity estimation which is required by the subsequent NMO correction. Because of the intense blending noise, the velocity scan cannot be obtained in one step. We can recursively polish both the deblended result and the velocity estimation by deblending using the updated velocity estimation and velocity scanning using the updated deblended result. We use synthetic and field data examples to demonstrate the performance of the proposed approach. The migrated image of deblended data is cleaner than that of blended data and is similar to that of unblended data.}
}
@Article{abma2009,
  author={R[] L[] Abma and J[] Yan},
  title={Separating simultaneous sources by inversion},
  journal={71st Annual International Conference and Exhibition, EAGE, Extended Abstracts},
  year=2009,
}
@Article{berk,
  author = {A[] J[] Berkhout},
  title ={Changing the mindset in seismic data acquisition},
  journal={The Leading Edge},
  Volume=27,
  year=2008,
  pages={924-938},
}

@Article{sdrnar,
  author={S[] Fomel},
  title={Seismic data decomposition into spectral components using regularized nonstationary autoregression},
  journal={82nd Annual International Meeting, SEG, Expanded Abstracts},
  year=2012,
  pages={doi:http://dx.doi.org/10.1190/segam2012-1416.1},
}
@Article{tingting2014vscan,
  author={T[] Liu and Y[] Chen and X[] Chen},
  title = {Velocity analysis using similarity-weighted semblance},
  journal={SEG expanded abstracts: 84th Annual international meeting},
  year=2014,
  pages={4837-4842},
}
@Article{shengxu2010,
  author={Sheng Xu and Yu Zhang and Gilles Lambare},
  title={Antileakage Fourier transform for seismic data regularization in higher dimensions},
  journal={Geophysics},
  year=2010,
  volume=75,
  pages={WB113-WB120},
}
@Article{yangkang20142,
  author={Yangkang Chen and Sergey Fomel and Jingwei Hu},
  title ={Iterative deblending of simultaneous-source seismic data using seislet-domain shaping regularization},
  journal={Geophysics},
    volume =	 79,
  year=2014,
  pages={V179-V189},
}
@Article{chengbo2013,
  author = {Chengbo Li and Charles C[] Mosher and Larry C[] Morley and Yongchang Ji and Joel D[] Brewer},
  title ={Joint source deblending and reconstruction for seismic data},
  journal={83rd Annual International Meeting, SEG, Expanded Abstracts},
  year=2013,
  pages={82-87},
}

@Article{berkhout2014seg,
  author={A[] J[] Berkhout and G[] Blacquiere},
  title = {Combining deblending with multi-level source deghosting},
  journal={SEG expanded abstracts: 84th Annual international meeting},
  year=2014,
  pages={41-45},
}
@article{yangkang2014nmo,
  author={Yangkang Chen and Jiang Yuan and Zhaoyu Jin and Keling Chen and Lele Zhang},
  title={Deblending using normal moveout and median filtering in common-midpoint gathers},
  journal={Journal of Geophysics and Engineering},
  volume={11},
  number={4},
  pages={045012},
  url={http://stacks.iop.org/1742-2140/11/i=4/a=045012},
  year={2014},
  abstract={The benefits of simultaneous source acquisition are compromised by the challenges of dealing with intense blending noise. In this paper, we propose a processing workflow for blended data. The incoherent property of blending noise in the common-midpoint gathers is utilized for applying median filtering along the spatial direction after normal moveout (NMO) correction. The key step in the proposed workflow is that we need to obtain a precise velocity estimation which is required by the subsequent NMO correction. Because of the intense blending noise, the velocity scan cannot be obtained in one step. We can recursively polish both the deblended result and the velocity estimation by deblending using the updated velocity estimation and velocity scanning using the updated deblended result. We use synthetic and field data examples to demonstrate the performance of the proposed approach. The migrated image of deblended data is cleaner than that of blended data and is similar to that of unblended data.}
}

@Article{zhiguang2014,
  author={Zhiguang Xue and Yangkang Chen and Sergey Fomel and Junzhe Sun},
  title={Imaging incomplete data and simultaneous-source data using least-squares reverse-time migration
with shaping regularization},
  journal={84th Annual International Meeting, SEG, Expanded Abstracts},
  year=2014,
  pages={3991-3996},
}
@Article{mahdad2011,
  author = 	 {Araz Mahdad and Panagiotis Doulgeris and Gerrit Blacquiere},
  title = 	 {Separation of blended data by iterative estimation and subtraction of blending interference noise},
  journal = 	 {Geophysics},
  year = 	 2011,
  volume =	 76,
  pages =	 {Q9-Q17},
}
@Article{yangkang2014simi,
  author={Yangkang Chen and Sergey Fomel},
  title = {Random noise attenuation using local similarity},
  journal={SEG expanded abstracts: 84th Annual international meeting},
  year=2014,
  pages={4360-4365},
}
@Article{mediandeblend,
  author={Shoudong Huo and Yi Luo and Panos G[] Kelamis},
  title={Simultaneous sources separation via multidirectional vector-median filtering},
  journal = 	 {Geophysics},
  year = 	 2012,
  volume =	 77,
  pages =	 {V123-V131},
}
@Article{kim2009,
  author = 	 {Y[] Kim and I[] Gruzinov and M[] Guo and S[] Sen},
  title = 	 {Source separation of simultaneous source obc data},
  journal = 	 {SEG expanded abstracts:79rd Annual international meeting},
  year = 	 2009,
  pages =	 {51-55}
}

@Article{shuwei20163,
  author={S[] Gan and Shoudong Wang and Yangkang Chen and Xiaohong Chen},
  title = {Simultaneous-Source Separation Using Iterative Seislet-Frame Thresholding},
  journal={IEEE Geoscience and Remote Sensing Letters},
  year=2016,
  volume=13,
  number=2,
  pages={197-201},
}

@article{yanhui2016,
  author =	 {Y[] Zhou and J[] Gao and W[] Chen and P[] Frossard},
  title =	 {Seismic Simultaneous Source Separation via Patchwise Sparse Representation},
  year =	 2016,
  journal =	 {IEEE Transactions on Geoscience and Remote Sensing},
  volume =	 54,
  number=9,
  pages =	 {5271-5284},
}

@article{yanan2014,
  author =	 {Y[] Tian and Yue Li and Baojun Yang},
  title =	 {Variable-Eccentricity Hyperbolic-Trace {TFPF} for Seismic Random Noise Attenuation},
  year =	 2014,
  journal =	 {IEEE Transactions on Geoscience and Remote Sensing},
  volume =	 52,
  pages =	 {6449-6458},
}


@article{xiaolei2012,
  author =	 {Xiaolei Zou and Yuan Ma and Zhengkun Qin},
  title =	 {Fengyun-3B MicroWave Humidity Sounder (MWHS) Data Noise Characterization and Filtering Using Principle Component Analysis},
  year =	 2012,
  journal =	 {IEEE Transactions on Geoscience and Remote Sensing},
  volume =	 50,
  number=12,
  pages =	 {4892 - 4902},
}

@Article{liuwei2016,
  author={W. Liu and S. Cao and Y. Chen},
  title = {Seismic Time-frequency Analysis via Empirical Wavelet Transform
},
  journal={IEEE Geoscience and Remote Sensing Letters},
  year=2016,
  volume=13,
  pages={28-32},
}

@article{hongbo2015,
  author =	 {Hongbo Lin and Yue Li and Haitao Ma and Baojun Yang and Jun Dai},
  title =	 {Matching-Pursuit-Based Spatial-Trace Time-Frequency Peak Filtering for Seismic Random Noise Attenuation},
  year =	 2015,
  journal =	 {IEEE Geoscience and Remote Sensing Letters},
  volume =	 12,
  pages =	 {394-398},
}

@article{zhuang2015,
  author =	 {G[] Zhuang and Y[] Li and Y[] Liu and H[] Lin and H[] Ma and N[] Wu},
  title =	 {Varying-Window-Length {TFPF} in High-Resolution Radon Domain for Seismic Random Noise Attenuation},
  year =	 2015,
  journal =	 {IEEE Geoscience and Remote Sensing Letters},
  volume =	 12,
  pages =	 {404-408},
}

@Article{jianwei20092,
  author={J[] Ma},
  title={Single-pixel remote sensing},
  journal={IEEE Geoscience and Remote Sensing Letters},
  year=2009,
  Volume=6,
  number=2,
  pages={199-203},
}

@Article{gary,
  author={Gary Hampson and Joe Stefani and Fred Herkenhoff},
  title={Acquisition using simultaneous sources},
  journal={The Leading Edge},
  year=2008,
  volume=27,
  pages={918-923},
}
@Article{yangkang2015svmf,
  author={Y[] Chen},
  title = {Deblending using a space-varying median filter},
  journal={Exploration Geophysics},
  year=2015,
  volume=46,
  pages={332-341},
}

@Article{yangkang2015dbortho,
  author={Yangkang Chen},
  title = {Iterative deblending with multiple constraints based on shaping regularization},
  journal={IEEE Geoscience and Remote Sensing Letters},
  year=2015,
  volume=12,
  pages={2247-2251},
}

@Article{mediandeblend,
  author={Shoudong Huo and Yi Luo and Panos G[] Kelamis},
  title={Simultaneous sources separation via multidirectional vector-median filtering},
  journal = 	 {Geophysics},
  year = 	 2012,
  volume =	 77,
  pages =	 {V123-V131},
}
@Article{yangkang2014,
  author={Yangkang Chen and Jitao Ma},
  title ={Random noise attenuation by \emph{f-x} empirical mode decomposition predictive filtering},
  journal={Geophysics},
  year=2014,
  Volume=79,
  pages={V81-V91},
}

@Article{wencheng2015asa,
  author={W[] Yang and R[] Wang and Y[] Chen and J[] Wu and S[] Qu and J[] Yuan and S[] Gan},
  title = {Application of spectral decomposition using regularized non-stationary autoregression to random noise attenuation},
  journal={Journal of Geophysics and Engineering},
  year=2015,
  volume = 12,
  pages={175-187},
}

@Article{spitz1991,
  author={S[] Spitz},
  title={Seismic trace interpolation in the F-X domain},
  journal={Geophysics},
  year=1991,
  volume=56,
  pages={785-794},
}
@Article{berkhout2014seg,
  author={A[] J[] Berkhout and G[] Blacquiere},
  title = {Combining deblending with multi-level source deghosting},
  journal={SEG expanded abstracts: 84th Annual international meeting},
  year=2014,
  pages={41-45},
}
@Article{berkhout2008,
  author = {A[] J[] Berkhout},
  title ={Changing the mindset in seismic data acquisition},
  journal={The Leading Edge},
  Volume=27,
  year=2008,
  pages={924-938},
}
@Article{porsani1999,
  author={M[] J[] Porsani},
  title={Seismic trace interpolation using half-step prediction filters},
  journal={Geophysics},
  year=1999,
  volume=64,
  pages={1461-1467},
}

@Article{wang2002,
  author={Y[] Wang},
  title={Seismic trace interpolation in the fxy domain},
  journal={Geophysics},
  year=2002,
  volume=67,
  pages={1232-1239},
}

@Article{mostafa2007,
  author={M[] Naghizadeh and Mauricio D[] Sacchi},
  title={Multistep autoregressive reconstruction of seismic records},
  journal={Geophysics},
  year=2007,
  volume=72,
  pages={V111-V118},
}

@Article{candes20062,
  author={E[] J[] Cand\`{e}s and J[] Romberg and T[] Tao},
  title={Robust uncertainty principles: Exact signal reconstruction from highly incomplete frequency information},
  journal={IEEE Transactions on Information Theory},
  year=2006,
  Volume=52,
  pages={489-509},
}



@Article{donoho2006,
  author={D[] L[] Donoho},
  title={Compressed sensing},
  journal={IEEE transactions on Information Theory},
  year=2006,
  Volume=52,
  pages={1289-1306},
}

@book{mallat2009,
  author={S[] G[] Mallat},
  title={A wavelet tour of signal processing: The sparse way},
  publisher={Academic Press},
  year=2009,
}

@Article{herrmann2010,
  author={Felix J[] Herrmann},
  title={Randomized sampling and sparsity: Getting more information from fewer samples},
  journal={Geophysics},
  year=2010,
  Volume=75,
  pages={WB173-WB187},
}

@Article{sacchi1998,
  author={M[] Sacchi and T[] Ulrych and C[] Walker},
  title={Interpolation and extrapolation using a high-resolution discrete Fourier transform},
  journal={IEEE Transactions on Signal Processing},
  year=1998,
  volume=46,
  pages={31-38},
}

@Article{zwartjes20071,
  author={P[] Zwartjes and A[] Gisolf},
  title={Fourier construction with sparse inversion},
  journal={Geophysical Prospecting},
  year=2007,
  volume=55,
  pages={199-221},
}

@Article{zwartjes20072,
  author={P[] Zwartjes and M[] D[] Sacchi},
  title={Fourier reconstruction of nonuniformly sampled, aliased seismic data},
  journal={Geophysics},
  year=2007,
  volume=72,
  pages={V21-V32},
}

@Article{pengliang2012,
  author={Pengliang Yang and Jinghuai Gao and Wenchao Chen},
  title={Curvelet-based POCS interpolation of nonuniformly sampled seismic records},
  journal={Journal of Applied Geophysics},
  year=2012,
  volume=79,
  pages={90-99},
}

@Article{pengliang2013,
  author={Pengliang Yang and Jinghuai Gao and Wenchao Chen},
  title={On analysis-based two-step interpolation methods for randomly sampled seismic data},
  journal={Computers \& Geosciences},
  year=2013,
  volume=51,
  pages={449-461},
}

@Article{liuyang2011rna,
  author = 	 {Y[] Liu and Sergey Fomel},
  title = 	 {Seismic data interpolation beyond aliasing using regularized nonstationary autoregression},
  journal = 	 {Geophysics},
  year = 	 2011,
  volume =	 76,
  pages =	 {V69-V77},
}
@Article{bagaini2012,
  author = {C[] Bagaini and M[] Daly and I[] Moore},
  title={The acquisition and processing of dithered slip-sweep vibroseis data},
  journal={Geophysical Prospecting},
  year=2012,
  Volume=60,
  pages={618-639},
}
@Article{panagiotis20122,
  author={Panagiotis Doulgeris and Kenneth Bube and Gary Hampson and Gerrit Blacquiere},
  title = {Covergence analysis of a coherency-constrained inversion for the separation of blended data},
  journal={Geophysical Prospecting},
  Volume=60,
  year=2012,
  pages={769-781},
}
@Article{verschuur2011,
  author={D[] J[] Verschuur and A[] J[] Berkhout},
  title={Seismic migration of blended shot records with surface-related multiple scattering},
  journal={Geophysics},
  year=2011,
  Volume=76,
  pages={A7-A13},
}
@Article{zhiguang2014,
  author={Zhiguang Xue and Yangkang Chen and Sergey Fomel and Junzhe Sun},
  title={Imaging incomplete data and simultaneous-source data using least-squares reverse-time migration
with shaping regularization},
  journal={84th Annual International Meeting, SEG, Expanded Abstracts},
  year=2014,
  pages={3991-3996},
}
@Article{yangkang2015image,
  author={Yangkang Chen and Jiang Yuan and Shaohuan Zu and Shan Qu and Shuwei Gan},
  title = {Seismic imaging of simultaneous-source data using constrained least-squares reverse time migration},
  journal={Journal of Applied Geophysics},
  year=2015,
  pages={doi:10.1016/j.jappgeo.2015.01.004},
}
@Article{araz2012,
  author={Araz Mahdad and Panagiotis Doulgeris and Gerrit Blacquiere},
  title={Iterative method for the separation of blended seismic data: discussion on the algorithmic aspects},
  journal={Geophysical Prospecting},
  year=2012,
  Volume=60,
  pages={782-801},
}
@Article{mahdad2010,
  author={Araz Mahdad and Gerrit Blacquiere},
  title={Iterative deblending of blended encoded shot records},
  journal={72nd Annual International Conference and Exhibition, EAGE, Extended Abstracts},
  year=2010,
}
@Article{proj,
  author={Craig J[] Beasley and Bill Dragoset and Antoun Salama},
  title={A 3D simultaneous source field test processed using alternating projections: a new active separation method},
  journal={Geophysical Prospecting},
  year=2012,
  Volume=60,
  pages={591-601},
}
@Article{canales1984,
  author = 	 {L[] Canales},
  title = 	 {Random noise reduction},
  journal = 	 {54th Annual International Meeting, SEG, Expanded Abstracts},
  year = 	 1984,
  pages =	 {525-527}
}
@Article{moore2010,
  author={I[] Moore},
  title={Simultaneous source - processing and applications},
  journal={72th Annual International Conference and Exhibition, EAGE, Extended Abstracts},
  year=2010,
}
@Article{lin2009,
  author = {T[] T[] Lin and F[] J[] Herrmann},
  title ={Designing simultaneous acquisitions with compressive sensing},
  journal={71st Annual International Conference and Exhibition, EAGE, Extended Abstracts},
  year=2009,
}
@Article{akerberg2008,
  author={Peter Akerberg and Gary Hampson and James Rickett and Harry Martin and Jeff Cole},
  title ={Simultaneous source separation by sparse Radon transform},
  journal={78th Annual International Meeting, SEG, Expanded Abstracts},
  year=2008,
  pages={2801-2805},
}
@Article{moore2008,
  author={Ian Moore and Bill Dragoset and Tor Ommundsen and David Wilson and Camille Ward and Daniel Eke},
  title={Simultaneous source separation using dithered sources},
  journal={78th Annual International Meeting, SEG, Expanded Abstracts},
  year=2008,
  pages={2806-2809},
}
@Article{fomel2002pwd,
  author={Sergey Fomel},
  title={Application of plane-wave destruction filters},
  journal={Geophysics},
  year=2002,
  Volume=67,
  pages={1946-1960},
}
@Article{daiwei2011,
  author = {Wei Dai and Gerard T. Schuster},
  title={Least-squares migration of multisource data with a deblurring filter},
  journal={Geophysics},
  year=2011,
  Volume=76,
  pages={R135-R146},
}
@Article{blac2012,
  author = {G[] Blacquiere and A[] Mahdad},
  title ={Deblending of dispersed source array data},
  journal={82nd Annual International Meeting, SEG, Expanded Abstracts},
  year=2012,
  pages={doi:10.1190/segam2012-0303.1},
}

@Article{verschuur2011,
  author={D[] J[] Verschuur and A[] J[] Berkhout},
  title={Seismic migration of blended shot records with surface-related multiple scattering},
  journal={Geophysics},
  year=2011,
  Volume=76,
  pages={A7-A13},
}

@Article{fomel2007shape,
  author={Sergey Fomel},
  title={Shaping regularization in geophysical-estimation problems},
  journal={Geophysics},
  year=2007,
  Volume=72,
  pages={R29-R36},
}
@Article{canning1996,
  author={A[] Canning and G[] H[] F[] Gardner},
  title={Reducing 3D acquisition footprint for 3D DMO and 3D prestack migration},
  journal={Geophysics},
  year=1996,
  volume=63,
  pages={1177-1183},
}

@Article{bleistein2000,
  author={N[] Bleistein and H[] Jaramillo},
  title={A platform for Kirchhoff data mapping in scalar models of data acquisition},
  journal={Geophysical Prospecting},
  year=2000,
  volume=48,
  pages={135-161},
}

@Article{stolt2002,
  author={R[] H[] Stolt},
  title={Seismic data mapping and reconstruction},
  journal={Geophysics},
  year=2002,
  volume=67,
  pages={890-908},
}

@Article{wang2003,
  author={Y[] Wang},
  title={Sparseness-constrained least-squares inversion: application to seismic wave propagation},
  journal={Geophysics},
  year=2003,
  volume=68,
  pages={1633-1638},
}

@Article{fomel2003,
  author={S[] Fomel},
  title={Seismic reflection data interpolation with differential offset and shot continuation},
  journal={Geophysics},
  year=2003,
  volume=68,
  pages={733-744},
}

@Article{curvelet,
 author={F[] J[] Herrmann and G[] Hennenfent},
 title={Non-parametric seismic data recovery with curvelet frames},
 journal={Geophysical Journal International},
 Volume=173,
 year=2008,
 pages=233-248,
}
  
@Article{pengliang20131,
  author={Pengliang Yang and Jinghuai Gao and Wenchao Chen},
  title={An iterative half thresholding method for seismic data interpolation},
  journal={83rd Annual International Meeting, SEG, Expanded Abstracts},
  year=2013,
  pages={3579-3584},
}

@Article{jianjun2010,
  author={Jianjun Gao and Xiaohong Chen and Guochang Liu and J[] Ma},
  title={Irregular seismic data reconstruction based on exponentional threshold model of POCS method},
  journal={Applied Geophysics},
  year=2010,
  Volume=B,
  pages={229-238},
}

@Article{zongben2012,
  author={Z[] Xu and X[] Chang and F[] Xu and H[] Zhang},
  title={L1/2 regularization: A thresholding representation theory and a fast solver},
  journal={IEEE Transactions on neural networks and learning systems},
  year=2012,
  Volume=23,
  pages={1013-1027},
}

@Article{dian2008,
  author={Dian Wang and Cai Liu and Yang Liu and Guochang Liu},
  title={Application of wavelet transform based on lifting scheme and percentiles soft-threshold to elimination of seismic random noise},
  journal={Progress in Geophysics (in Chinese)},
  year=2008,
  Volume=23,
  pages={1124-1130},
}
@Article{guochang2009,
author={G[] Liu and S[] Fomel and L[] Jin and X[] Chen},
title={Stacking seismic data using local correlation},
journal={Geophysics},
volume=74,
year=2009,
pages={V43-V48}
}

@Article{hennenfent2006,
  author={G[] Hennenfent and F[] Herrmann},
  title={Seismic denoising with nonunformly sampled curvelets},
  journal={Computing in Science \& Engineering},
  year=2006,
  volume=8,
  pages={16-25},
}

@Article{bouska2009,
  author={Jack Bouska},
  title={Distance separated simultaneous sweeping: efficient 3D Vibroseis acquisition in Oman},
  journal={79th Annual International Meeting, SEG, Expanded Abstracts},
  year=2009,
  pages={1-5}
}
@Article{fomel2002pwd,
  author={Sergey Fomel},
  title={Application of plane-wave destruction filters},
  journal={Geophysics},
  year=2002,
  Volume=67,
  pages={1946-1960},
}
@Article{abma2014,
  author={R[] Abma},
  title={Shot scheduling in simultaneous shooting},
  journal={84th Annual International Meeting, SEG, Expanded Abstracts},
  year=2014,
  pages={94-98}
}
@Article{abma2010,
  author={R[] L[] Abma and T[] Manning and M[] Tanis and J[] Yu and M[] Foster},
  title={High quality separation of simultaneous sources by sparse inversion},
  journal={72nd Annual International Conference and Exhibition, EAGE, Extended Abstracts},
  year=2010,
}
@Article{sep,
  author = 	 {Araz Mahdad and Panagiotis Doulgeris and Gerrit Blacquiere},
  title = 	 {Separation of blended data by iterative estimation and subtraction of blending interference noise},
  journal = 	 {Geophysics},
  year = 	 2011,
  volume =	 76,
  pages =	 {Q9-Q17},
}

@Article{wavelet,
  author={R[] Zhang and T[] Ulrych},
  title={Physical wavelet frame denosing},
  journal={Geophysics},
  Volume=68,
  year=2003,
  pages=225-231,
}
@Article{mostafa2010,
  author={M[] Naghizadeh and Mauricio D[] Sacchi},
  title={Beyond alias hierarchical scale curvelet interpolation of regularly and irregularly sampled seismic data},
  journal={Geophysics},
  year=2010,
  volume=75,
  pages={WB189-WB202},
}

@Article{liubin2004,
  author={Bin Liu and M[] D[] Sacchi},
  title ={Minimum weighted norm interpolation of seismic records},
  journal={Geophysics},
  volume=69,
  year=2004,
  pages={1560-1568},
}

@Article{abma2006,
  author={R[] Abma and N[] Kabir},
  title = {3D interpolation of irregular data with a POCS algorithm},
  journal={Geophysics},
  Volume=71,
  year=2006,
  pages={E91-E97},
}

@Article{radon,
  author={T[] S[] Durrani and D[] Bisset},
  title={The Radon transform and its properties},
  journal={Geophysics},
  Volume=49,
  year=1984,
  pages=1180-1187,
}

@Article{seislet,
  author = 	 {S[] Fomel and Y[] Liu},
  title = 	 {Seislet transform and seislet frame},
  journal = 	 {Geophysics},
  year = 	 2010,
  volume =	 75,
  pages =	 {V25-V38}
}


@Article{battista,
  author = 	 {Bradley Matthew Battista and Camelia Knapp and Tom McGee and Vaughn Goebel},
  title = 	 {Application of the empirical mode decomposition and
{Hilbert-Huang} transform to seismic reflection data},
  journal = 	 {Geophysics},
  year = 	 2007,
  volume = 	 72,
  number = 	 2,
  pages = 	 {H29-H37}}

@Article{canales,
  author = 	 {L[] Canales},
  title = 	 {Random noise reduction},
  journal = 	 {SEG expanded abstracts:54th Annual international meeting},
  year = 	 1984,
  pages =	 {525-527}
}

@Article{reine2009,
  author = 	 {C[] Reine and M[] van der Baan and R[] Clark},
  title = 	 {The robustness of seismic attenuation measurements using fixed- and variable-window time-frequency transforms},
  journal = 	 {Geophysics},
  year = 	 2009,
  volume = 	 74,
  pages = 	 {123-135}
}
@Article{partyka1999,
  author = 	 {G[] A[] Partyka and J[] M[] Gridley and J[] Lopez},
  title = 	 {Interpretational applications of spectral decomposition in reservoir characterization},
  journal = 	 {The Leading Edge},
  year = 	 1998,
  volume = 	 18,
  pages = 	 {353-360}
}

@Article{castagna2003,
  author = 	 {J[] Castagna and S[] Sun and R[] W[] Siegfried},
  title = 	 {Instantaneous spectral analysis: Detection of low-frequency shadows associated with hydrocarbons},
  journal = 	 {The Leading Edge},
  year = 	 2003,
  volume = 	 22,
  pages = 	 {120-127}
}

@Article{daubechies2011,
  author = 	 {Ingrid Daubechies and Jianfeng Lu and Hau-Tieng Wu},
  title = 	 {Synchrosqueezed wavelet transforms: An empirical mode decomposition-like tool},
  journal = 	 {Applied and Computational Harmonic Analysis},
  year = 	 2011,
  volume = 	 30,
  pages = 	 {243-261}
}

@Article{shang2013,
  author = 	 {Shuai Shang and Liguo Han and Wei Hu},
  title = 	 {Seismic data analysis using synchrosqueezing wavelet transform},
  journal = 	 {SEG expanded abstracts: 83rd Annual international meeting},
  year = 	 2013,
  pages = 	 {4330-4334}
}

@Article{fomel20132,
  author = 	 {S[] Fomel},
  title = 	 {Seismic data decomposition into spectral components using regularized nonstationary autoregression},
  journal = 	 {Geophysics},
  year = 	 2013,
  volume =	 78,
  pages =	 {O69-O76},
}


@Article{cai,
  author = 	 {H[] Cai and Z[] He and D[] Huang},
  title = 	 {Seismic data denoising based on mixed time-frequency methods},
  journal = 	 {Applied Geophysics},
  year = 	 2011,
  volume =	 8,
  number= 	 4,
  pages =	 {319-327}
}

@Article{iatsenko2013,
  author = 	 {Dmytro Iatsenko},
  title = 	 {Linear and synchrosqueezed time-frequency representation revisited. Part II: Resolution, reconstruction and concentration.},
  journal = 	 {Digitial Signal Processing},
  year = 	 2013,
  pages =	 {in review}
}

@Article{guochang20112,
author={G[] Liu and X[] Chen and J[] Du and J[] Song},
title={Seismic noise attenuation using nonstationary polynomial fitting},
journal={Applied Geophysics},
volume=8,
number=1,
year=2011,
pages={18-26},
}

@Article{pei2007,
author={Soo-Chang Pei and Jian-jiun Ding},
title={Relations Between Gabor Transforms and Fractional Fourier Transforms and Their Applications for Signal Processing},
journal={IEEE TRANSACTIONS ON SIGNAL PROCESSING},
volume=55,
number=10,
year=2007,
pages={4839-4850},
}



@incollection{tow,
author = {S[] Fomel},
title = {Towards the seislet transform},
booktitle = {76th Ann. Internat. Mtg.},
year = {2006},
publisher = {Soc. Expl. Geophys.},
pages = {2847-2851}
}

@Article{seislet,
  author = 	 {S[] Fomel and Y[] Liu},
  title = 	 {Seislet transform and seislet frame},
  journal = 	 {Geophysics},
  year = 	 2010,
  volume =	 75,
  pages =	 {V25-V38}
}

@Article{guo,
  author = 	 {J[] Guo and X[] Zhou and H[] Yang},
  title = 	 {Attenuation of random noise in $(f-x,y)$ domain},
  journal = 	 {Oil Geophysical Prospecting},
  year = 	 1995,
  volume =	 30,
  number=        2,
  pages =	 {207-215}
}

@Article{gao,
  author = 	 {J[] Gao and J[] Mao and W[] Chen and Q[] Zheng},
  title = 	 {On the denoising method of prestack seismic data in wavelet domain},
  journal = 	 {Chinese J. Geophys},
  year = 	 2006,
  volume =	 49,
  number= 	 4,
  annote=        {in Chinese},
  pages =	 {1155-1163}
}
@Article{har,
  author = 	 {P[] Harris and R[] White},
  title = 	 {Improving the performance of f-x prediction at low signal-to-noise ratios},
  journal = 	 {Geophysical Prospecting},
  year = 	 1997,
  volume =	 45,
  pages =	 {269-302}
}


@Article{kang,
  author = 	 {Y[] Kang and C[] Yu and W[] Jia and C[] Wang},
  title = 	 {A study on noise-suppression method in f-x domain},
  journal = 	 {Oil Geophysical Prospecting},
  year = 	 2003,
  volume =	 38,
  number=        2,
  pages =	 {136-138}
}

@Article{emd,
  author = 	 {Norden E. Huang and Zheng Shen and Steven R. Long and Manli C. Wu and Hsing H. Shih and Quanan Zheng and Nai-Chyuan Yen and Chi Chao Tung and Henry H. Liu},
  title = 	 {The empirical mode decomposition and the {Hilbert} spectrum for nonlinear and non-stationary time series analysis},
  journal = 	 {Proceeding of the Royal Society of London Series A},
  year = 	 1998,
  volume = 	 454,
  pages = 	 {903-995}}



@Article{bekara,
  author = 	 {M[] Bekara and Mirko van~der~Baan},
  title = 	 {Random and coherent noise attenuation by empirical mode decomposition},
  journal = 	 {Geophysics},
  year = 	 2009,
  volume = 	 74,
  number = 	 5,
  pages = 	 {V89-V98}}

@incollection{bekara1,
author = {M[] Bekara and Mirko van~der~Baan},
title = { \emph{F-x} Noise Attenuation by Empirical Mode Decomposition},
year = {2008},
publisher = {ROME Leveraging Technology},

}

@Article{bekara2007,
  author = 	 {M[] Bekara and Mirko van~der~Baan},
  title = 	 {Local singular value decomposition for signal enhancement of seismic data},
  journal = 	 {Geophysics},
  year = 	 2007,
  volume = 	 72,
  number = 	 2,
  pages = 	 {V59-V65}}

@Article{neelamani,
author={R[] Neelamani and A[] Baumstein and D[] Gillard and M[] Hadidi and W[] Soroka},
title={Coherent and random noise attenuation using the curvelet transform},
journal={The Leading Edge},
volume=27,
year=2008,
pages={240-248},
}

@Article{liu,
author={C[] Liu and H[] Li and C[] Tao and Y[] Liu and D[] Wang and C[] Gu},
title={A new fuzzy nesting multilevel median filter and its application to seismic data processing},
journal={Chinese J. Geophysics},
annote={in Chinese},
year=2007,
volume=50,
number=5,
pages(1534-1542),
}
@Article{zhipeng,
author={Z[] Liu and X[] Chen and J[] Li},
title={Noncasual spatial prediction filtering based on an ARMA model},
journal={Applied Geophysics},
volume=6,
number=2,
year=2009,
pages={122-128}
}
@Article{guochang,
author={G[] Liu and S[] Fomel and L[] Jin and X[] Chen},
title={Stacking seismic data using local correlation},
journal={Geophysics},
volume=74,
year=2009,
pages={V43-V48}
}
@Article{yang,
author={Y[] Liu and S[] Fomel and C[] Liu and D[] Wang and G[] Liu and X[] Feng},
title={High-order seislet transform and its application of random noise attenuation},
journal={Chinese J. Geophysics},
volume=52,
year=2009,
annote={in Chinese},
pages={2142-2151}
}
@Article{guochang1,
author={G[] Liu and X[] Chen and J[] Du and J[] Song},
title={Seismic noise attenuation using nonstationary polynomial fitting},
journal={Applied Geophysics},
volume=8,
number=1,
year=2011,
pages={18-26},
}
@Article{mayne,
author={W[] Mayne},
title={Common reflection point horizontal data stacking techniques},
journal={Geophysics},
volume=27,
year=1962,
pages={927-938}
}
@Article{su,
  author = 	 {G[] Su and X[] Zhou and C[] Li},
  title = 	 { Prediction noise elimination in \emph{F-XYZ} domain},
  journal = 	 { Oil Geophysical Prospecting},
  year = 	 1998,
  volume = 	 33,
  number = 	 1,
  pages = 	 {95-103}}
@Article{treitel,
  author = 	 {S[] Treitel},
  title = 	 {The complex Wiener filter},
  journal = 	 { Geophysics},
  year = 	 1974,
  volume = 	 39,
  pages = 	 {169-173}}
@Article{tufts,
  author = 	 {D[] Tufts and R[] Kumaresan},
  title = 	 {Estimation of frequencies of multiple sinusoids: Making linear prediction perform like maximum likelihood},
  journal = 	 { Proceedings of the IEEE},
  year = 	 1980,
  volume = 	 70,
  pages = 	 {975-989}}

@Book{yilmaz,
  author = 	 {O[] Yilmaz},
  title = 	 { Seismic data analysis: Processing, inversion, and interpretation of seismic data},
  publisher = 	 {Soc. Expl. Geophys.},
  year = 	 2001}

@Article{zhang,
  author = 	 {R[] Zhang and T[] Ulrych},
  title = 	 {Physical wavelet frame denoising},
  journal = 	 {Geophysics},
  year = 	 2003,
  volume = 	 68,
  pages = 	 {225-231}}

@Article{zhong,
  author = 	 {W[] Zhong and B[] Yang and Z[] Zhang},
  title = 	 {Research on application of polynomial fitting technique in highly noisy seismic data},
  journal = 	 {Progress in Geophysics},
  year = 	 2006,
  volume = 	 21,
  number = 	 1,
  pages = 	 {184-189}}

@Article{mao2007,
  author = 	 {Y[] Mao and P[] Que},
  title = 	 {Noise suppression and flawdetection of ultrasonic signals via empirical mode decomposition},
  journal = 	 {Rus. J. Nondestruct. Test.},
  year = 	 2007,
  volume = 	 43,
  number = 	 1,
  pages = 	 {196-203}}

@Article{kopsinis2009,
  author = 	 {Y[] Kopsinis},
  title = 	 {Development of EMD-Based Denoising Methods Inspired by Wavelet Thresholding},
  journal = 	 {Signal Processing, IEEE Transactions on},
  year = 	 2009,
  volume = 	 57,
  number = 	 1,
  pages = 	 {1351 - 1362}}

@Article{kopecky2010,
  author = 	 {M. Kopecky},
  title = 	 {Ensemble Empirical Mode Decomposition: Image Data Analysis with White-noise Reflection},
  journal = 	 {Acta Polytechnica},
  year = 	 2010,
  volume = 	 50,
  number = 	 1,
  pages = 	 {49-56}}

@Article{wu2009,
  author = 	 {Z[] Wu and N[] E[] Huang},
  title = 	 {Ensemble empirical mode decomposition: A noise-assisted data analysis method},
  journal = 	 {Advances in Adaptive Data Analysis},
  year = 	 2009,
  volume = 	 01,
  number = 	 1,
  pages = 	 {1-41}}

@Article{torres2011,
  author = 	 {M[] E[] Torres and M[] A[] Colominas and G[] Schlotthauer and P[] Flandrin},
  title = 	 {A complete ensemble empirical mode decomposition with adaptive noise},
  journal = 	 {IEEE International Conference on Acoustics, Speech and Signal Proces- sing (ICASSP)},
  year = 	 2011,
  number = 	 1,
  pages = 	 {4144–4147}}
