@Article{mada2013,
  author={Sergey Fomel and P[] Sava and I[] Vlad and Y[] Liu and V[] Bashkardin},
  title={Madagascar open-source software project},
  journal = 	 {Journal of Open Research Software},
  year = 	 2013,
  volume =	 1,
  pages =	 {e8},
}

@article{cerjan1985nonreflecting,
  title={A nonreflecting boundary condition for discrete acoustic and elastic wave equations},
  author={Cerjan, Charles and Kosloff, Dan and Kosloff, Ronnie and Reshef, Moshe},
  journal={Geophysics},
  volume={50},
  number={4},
  issue=4,
  pages={705--708},
  year={1985},
  publisher={Society of Exploration Geophysicists}
}


@article{tan2016further,
  title={Further testing of the bedding-plane-slip model for hydraulic-fracture opening using moment-tensor inversionsBedding-plane-slip model},
  author={Tan, Yunhui and Engelder, Terry},
  journal={Geophysics},
  volume={81},
  number={5},
  issue=5,
  pages={KS159--KS168},
  year={2016},
  publisher={GeoScienceWorld}
}

@article{gajewski2005reverse,
  title={Reverse modelling for seismic event characterization},
  author={Gajewski, Dirk and Tessmer, Ekkehart},
  journal={Geophysical Journal International},
  volume={163},
  number={1},
  pages={276--284},
  year={2005},
  publisher={Blackwell Publishing Ltd Oxford, UK}
}

@article{huang2019passive,
  title={Passive seismic imaging of subsurface natural fractures: application to Marcellus shale microseismic data},
  author={Huang, Chao and Zhu, Tieyuan},
  journal={Geophysical Journal International},
  volume={218},
  number={2},
  pages={1087--1099},
  year={2019},
  publisher={Oxford University Press}
}

@incollection{sun2015investigating,
  title={Investigating the possibility of locating microseismic sources using distributed sensor networks},
  author={Sun, Junzhe and Zhu, Tieyuan and Fomel, Sergey and Song, Wen-Zhan},
  booktitle={SEG Technical Program Expanded Abstracts 2015},
  pages={2485--2490},
  year={2015},
  publisher={Society of Exploration Geophysicists}
}

@article{anikiev2014joint,
  title={Joint location and source mechanism inversion of microseismic events: Benchmarking on seismicity induced by hydraulic fracturing},
  author={Anikiev, D and Valenta, J and Stan{\v{e}}k, F and Eisner, L},
  journal={Geophysical Journal International},
  volume={198},
  number={1},
  pages={249--258},
  year={2014},
  publisher={Oxford University Press}
}


@article{yin2017diffraction,
  title={Diffraction imaging with geometric-mean reverse time migration},
  author={Yin, Jianhang and Nakata, Norimitsu},
  journal={85th Annual International Meeting, SEG, Expanded Abstracts},
  pages={974--979},
  year={2017},
  publisher={Society of Exploration Geophysicists}
}

@article{Nidhal2015,
author = {Nidhal Belayouni and Alexandrine Gesret and Guillaume Daniel and Mark Noble},
title = {Microseismic event location using the first and reflected arrivals},
journal = {Geophysics},
volume = {80},
number = {6},
issue  = {6},
pages = {WC133-WC143},
year = {2015},
doi = {10.1190/geo2015-0068.1},}

@article{Steve2015,
author = {Steve Cole and Martin Karrenbach and Steve Roche and Jason Gumble and Lisa LaFlame and Melissa Emuh and Victor Yartsev and Bill Bartling},
title = {Interferometric Imaging of Microseismic Data},
journal = {85th Annual International Meeting, SEG, Expanded Abstracts},
pages = {721-725},
year = {2015},
doi = {10.1190/segam2015-5876692.1},}

@article{Anton2015,
author = {Anton Reshetnikov and Joern Kummerow and Hiroshi Asanuma and Markus Häring and Serge A. Shapiro},
title = {Microseismic reflection imaging and its application to the Basel geothermal reservoir},
journal = {Geophysics},
volume = {80},
number = {6},
issue  = {6},
pages = {WC39-WC49},
year = {2015},
doi = {10.1190/geo2014-0593.1},}

@article{Parotidis2004Back,
  title={Back front of seismicity induced after termination of borehole fluid injection},
  author={Parotidis M. S. Shapiro, and E. Rothert},
  journal={Geophysical Research Letters},
  volume={31},
  number={2},
  issue={2},
  pages={L02612},
  year={2004},
  doi={10.1029/2003gl018987},
}

@article{Xia2013Twin,
  title={Twin enigmatic microseismic sources in the Gulf of Guinea observed on intercontinental seismic stations.},
  author={Xia,  Yingjie and Ni, Sidao and Zeng, Xiangfang},
  journal={Geophysical Journal International},
  volume={194},
  pages={362-366},
  year={2013},
  doi={10.1093/gji/ggt076},
}

@article{2016Adaptive,
  title={Adaptive noise estimation and suppression for improving microseismic event detection},
  author={ Mousavi, S. Mostafa  and  Langston, Charles A. },
  journal={Journal of Applied Geophysics},
  volume={132},
  pages={116-124},
  year={2016},
  doi={10.1016/j.jappgeo.2016.06.008},
}

@article{2016Hybrid,
  title={Hybrid Seismic Denoising Using Higher‐Order Statistics and Improved Wavelet Block Thresholding},
  author={ Mousavi, S. Mostafa  and  Langston, Charles A. },
  journal={Bulletin of the Seismological Society of America},
  volume={106},
  number={4},
  issue={4},
  pages={1380-1393},
  year={2016},
}

@article{2017Automatic,
  title={Automatic noise-removal/signal-removal based on general cross-validation thresholding in synchrosqueezed domain and its application on earthquake data},
  author={ Mousavi, S. Mostafa  and  Langston, Charles A. },
  journal={Geophysics},
  volume={82},
  number={4},
  issue={4},
  pages={V211-V227},
  year={2017},
  doi={10.1190/geo2016-0433.1},
}

@article{2016Discrimination,
  title={Discrimination of Mine Seismic Events and Blasts Using the Fisher Classifier, Naive Bayesian Classifier and Logistic Regression},
  author={ Dong, Longjun  and  Wesseloo, Johan  and  Potvin, Yves  and  Li, Xibing },
  journal={Rock Mechanics and Rock Engineering},
  volume={49},
  number={1},
  issue={1},
  pages={183-211},
  year={2016},
  doi={10.1007/s00603-015-0733-y},
}

@article{Rongmao2010Microseismic,
  title={Microseismic event location for monitoring {CO}$_2$ injection using double-difference tomography},
  author={Rongmao Zhou and Lianjie Huang and James Rutledge},
  journal={The Leading Edge},
  year={2010},
  volume={29},
  number={2},
  issue=2,
  pages={183-211},
  doi={},
}

@article{Phillips2002,
  title={Induced microearthquake patterns in hydrocarbon and geothermal reservoirs: Six case studies, in {C}. {I}. {T}rifu, ed.},
  author={Phillips,W. S., and Rutledge, J. T.  and House, L. S. and Fehler, M. C. },
  journal={The mechanism of induced seismicity},
  year={2002},
  pages={345-369},
  doi={},
}

@article{2005Characterization,
  title={Characterization of hydraulic properties of rocks using probability of fluid-induced microearthquakes},
  author={ Shapiro, Serge A.  and  Rentsch, Susanne  and  Rothert, Elmar },
  journal={Geophysics},
  volume={70},
  number={2},
  issue={2},
  pages={F27-F33},
  year={2005},
  doi={10.1190/1.1897030},
}

@article{1978Automatic,
  title={Automatic earthquake recognition and timing from single traces},
  author={ Allen, Rex },
  journal={Bulletin of the Seismological Society of America},
  volume={68},
  number={5},
  issue={5},
  pages={1521-1532},
  year={1978},
  doi={10.1007/BF02247958},
}

@article{1999Multi,
  title={Multi-component autoregressive techniques for the analysis of seismograms},
  author={ Kennett, M. Leonardb. L. N. },
  journal={Physics of the Earth and Planetary Interiors},
  volume={113},
  pages={247-263},
  year={1999},
  doi={10.1016/S0031-9201(99)00054-0},
}

@article{SLEEMAN1999265,
title = "Robust automatic {P}-phase picking: an on-line implementation in the analysis of broadband seismogram recordings",
author={ Sleeman, Reinoud  and  Eck, Torild Van },
journal = "Physics of the Earth and Planetary Interiors",
volume = "113",
number = "1",
pages = "265 - 275",
year = "1999",
issn = "0031-9201",
doi = "10.1016/S0031-9201(99)00007-2",}

@article{Husen2003,
author = {Husen, S. and Kissling, E. and Deichmann, N. and Wiemer, S. and Giardini, D. and Baer, M.},
title = {Probabilistic earthquake location in complex three-dimensional velocity models: Application to Switzerland},
journal = {Journal of Geophysical Research: Solid Earth},
volume = {108},
number = {B2},
issue = {B2},
pages = {2077},
year = {2003},
doi = {10.1029/2002JB001778},}


@article{Poliannikov2013A,
  title={A unified Bayesian framework for relative microseismic location},
  author={ Poliannikov, Oleg V.  and  Michael, Prange  and  Alison, Malcolm  and  Hugues, Djikpesse },
  journal={Geophysical Journal International},
  volume={194},
  pages={557-571},
  year={2013},
  doi = {10.1093/gji/ggt119},
}

@article{Gesret2014Propagation,
  title={Propagation of the velocity model uncertainties to the seismic event location},
  author={ Gesret, Alexandrine  and  Desassis, Nicolas  and  Noble, Mark  and  Romary, Thomas  and  Maisons, Christophe },
  journal={Geophysical Journal International},
  volume={195},
  pages={52-66},
  year={2014},
  doi = {10.1093/gji/ggu374},
}

@article{Chen2018fast,
  title={Fast waveform detection for microseismic imaging using unsupervised machine learning},
  author={Chen, Y.},
  journal={Geophysical Journal International},
  volume={215},
  pages={1185-1190},
  year={2018},
  doi = {10.1093/gji/ggy348},
}


@article{Waldhauser2000A,
  title={A Double-Difference Earthquake Location Algorithm: Method and Application to the Northern Hayward Fault, California},
  author={ Waldhauser, Felix  and  Ellsworth, William },
  journal={Bulletin of the Seismological Society of America},
  volume={90},
  number={6},
  issue={6},
  pages={1353-1368},
  year={2000},
  doi={10.1785/0120000006},
}

@article{2003Double,
  title={Double-Difference Tomography: The Method and Its Application to the Hayward Fault, California},
  author={ Zhang, Haijiang  and  Thurber, Clifford },
  journal={Bulletin of the Seismological Society of America},
  volume={93},
  number={5},
  issue={5},
  pages={1875-1889},
  year={2003},
  doi={10.1785/0120020190},
}

@article{2015Microseismic,
  title={Microseismic and seismic denoising via ensemble empirical mode decomposition and adaptive thresholding},
  author={ Han, Jiajun  and  Van~Der~Baan, Mirko},
  journal={Geophysics},
  volume={80},
  number={6},
  issue={6},
  pages={KS69-KS80},
  year={2015},
  doi={10.1190/GEO2014-0423.1},
}

@article{song2019microseismic,
  title={Microseismic event estimation and velocity analysis based on a source-focusing function},
  author={Song, Chao and Alkhalifah, Tariq and Wu, Zedong},
  journal={Geophysics},
  volume={84},
  number={3},
  pages={KS85--KS94},
  year={2019},
  publisher={Society of Exploration Geophysicists}
}

@article{sun2016full,
  title={Full-waveform inversion of passive seismic data for sources and velocities},
  author={Sun, Junzhe and Xue, Zhiguang and Zhu, Tieyuan and Fomel, Sergey and Nakata, Norimitsu},
  journal={86th Annual International Meeting, SEG, Expanded Abstracts},
  pages={1405--1410},
  year={2016},
  publisher={Society of Exploration Geophysicists}
}

@article{kaderli2015microseismic,
  title={Microseismic event estimation in noisy data via full waveform inversion},
  author={Kaderli, Jordan and McChesney, Matthew D and Minkoff, Susan E},
  journal={85th Annual International Meeting, SEG, Expanded Abstracts},
  pages={1159--1164},
  year={2015},
  publisher={Society of Exploration Geophysicists}
}

@article{wang2018microseismic,
  title={Microseismic imaging using a source function independent full waveform inversion method},
  author={Wang, Hanchen and Alkhalifah, Tariq},
  journal={Geophysical Journal International},
  volume={214},
  number={1},
  pages={46--57},
  year={2018},
  publisher={Oxford University Press}
}

@article{song2019microseismic2,
  title={Microseismic event estimation based on an efficient wavefield inversion},
  author={Song, Chao and Alkhalifah, Tariq},
  journal={IEEE Journal of Selected Topics in Applied Earth Observations and Remote Sensing},
  volume={12},
  number={11},
  pages={4664--4671},
  year={2019},
  publisher={IEEE}
}




@article{Juli2016A,
  title={A simple method inspired by empirical mode decomposition for denoising seismic data},
  author={Julián L. Gómez and  Velis, Danilo R. },
  journal={Geophysics},
  volume={81},
  number={6},
  issue={6},
  pages={V403-V413},
  year={2016},
  doi={10.1190/geo2015-0566.1},
}

@article{2005Reverse,
  title={Reverse modelling for seismic event characterization},
  author={ Gajewski, Dirk  and  Tessmer, Ekkehart },
  journal={Geophysical Journal International},
  volume={163},
  number={1},
  issue={1},
  pages={276-284},
  year={2005},
  doi={10.1111/j.1365-246X.2005.02732.x},
}

@article{zhu2019hybrid,
  title={Hybrid multiplicative time-reversal imaging: Application to Marcellus shale microseismic data},
  author={Zhu, Tieyuan and Huang, Chao},
  booktitle={89th Annual International Meeting, SEG, Expanded Abstracts},
  pages={3111--3115},
  year={2019},
  publisher={Society of Exploration Geophysicists}
}


@article{2007Localization,
  title={Localization of seismic events by diffraction stacking},
  author={ Gajewski, D. J.  and  Anikiev, D. V.  and  Kashtan, B. M.  and  Tessmer, E.  and  Vanelle, C. },
  journal={77th Annual International Meeting, SEG, Expanded Abstracts},
  pages={9355-9362},
  year={2007},
  doi={10.1190/1.2792738},
}

@article{2013Locating,
  title={Locating microseismic sources using migration-based deconvolution},
  author={ Haldorsen, Jakob B. U.  and  Brooks, Nicholas J.  and  Milenkovic, Mathieu },
  journal={Geophysics},
  volume={78},
  number={5},
  issue={5},
  pages={KS73-KS84},
  year={2013},
  doi={10.1190/GEO2013-0086.1},
}

@article{2014Joint,
  title={Joint location and source mechanism inversion of microseismic events: benchmarking on seismicity induced by hydraulic fracturing},
  author={ Anikiev, D.  and  Valenta, J.  and Staněk F. and  Eisner, L. },
  journal={Geophysical Journal International},
  volume={198},
  pages={249-258},
  year={2014},
  doi={10.1093/gji/ggu126},
}

@article{Chuntao2016Joint,
  title={Joint inversion of source location and focal mechanism of microseismicity},
  author={Chuntao Liang and Yangyang Yu and Yihai Yang and Liang Kang and Chen Yin},
  journal={Geophysics},
  volume={81},
  number={2},
  issue={2},
  pages={KS41-KS49},
  year={2016},
}

@article{2008Time,
  title={Time reversal location of glacial earthquakes},
  author={ Larmat, Car&Egrave;Ne  and  Tromp, Jeroen  and  Liu, Qinya  and Montagner, Jean‐Paul},
  journal={Journal of Geophysical Research: Solid Earth},
  volume={113},
  number={B9},
  issue={B9},
  pages={314},
  year={2008},
  doi={10.1029/2008JB005607},
}

@article{2010Source,
  title={Source location using time-reverse imaging},
  author={ Artman, Brad  and  Podladtchikov, Igor  and  Witten, Ben },
  journal={Geophysical Prospecting},
  volume={58},
  number={5},
  issue={5},
  pages={861-873},
  year={2010},
  doi={10.1111/j.1365-2478.2010.00911.x},
}

@article{2015Focusing,
  title={Focusing of elastic waves for microseismic imaging},
  author={ Douma, Johannes and Snieder, Roel },
  journal={Geophysical Journal International},
  volume={200},
  pages={390-401},
  year={2015},
  doi={10.1093/gji/ggu398},
}

@article{LIN201688,
title = "Imaging hydraulic fractures by microseismic migration for downhole monitoring system",
author = "Ye Lin and Haijiang Zhang",
journal = "Physics of the Earth and Planetary Interiors",
volume = "261",
pages = "88 - 97",
year = "2016",
issn = "0031-9201",
doi = "10.1016/j.pepi.2016.06.010",}

@article{Grechka2017High,
  title={High-resolution microseismic imaging},
  author={Grechka, Vladimir and Li, Zhao and Bo, Howell and Garcia, Hugo and Wooltorton, Tom},
  journal={The Leading Edge},
  volume={36},
  number={10},
  issue={10},
  pages={822-828},
  year={2017},
  doi={10.1190/tle36100822.1},
}


@Article{qushan2020gji,
  author={Shan Qu and Zhe Guan and E[] Verschuur and Yangkang Chen},
  title = {Automatic high-resolution microseismic event detection via supervised machine learning},
  journal={Geophysical Journal International},
  year=2020,
  volume=222,
  issue=3,
  number=3,
  pages={1881–1895},
  doi={10.1093/gji/ggaa193},
}

@Article{omar2020geo2,
  author={Omar Saad and Yangkang Chen},
  title = {Automatic waveform-based source-location imaging using deep learning extracted microseismic signals},
  journal={Geophysics},
  year=2020,
  volume=85,
  issue=6,
  number=6,
  pages={KS171–KS183},
  doi={10.1190/geo2020-0288.1},
}

@article{Nori2015,
author = {Nori Nakata  and Gregory C. Beroza},
title = {Reverse-Time Migration for Microseismic Sources Using the Geometric Mean as an Imaging Condition},
journal = {85th Annual International Meeting, SEG, Expanded Abstracts},
pages = {2451-2455},
year = {2015},
doi = {10.1190/segam2015-5851848.1},}

@article{Hanchen2020,
author = {Hanchen Wang and Tariq Alkhalifah and Qi Hao},
title = {Predict passive seismic events with a convolutional neural network},
journal = {90th Annual International Meeting, SEG, Expanded Abstracts},
pages = {2140-2145},
year = {2020},
doi = {10.1190/segam2020-3425457.1},}

@article{Omar2020,
author = {Omar M. Saad and Yangkang Chen},
title = {Automatic waveform-based source-location imaging using deep learning extracted microseismic signals},
journal = {Geophysics},
volume = {85},
number = {6},
issue = {6},
pages = {KS171-KS183},
year = {2020},
doi = {10.1190/geo2020-0288.1},}

@article{Jubran2017,
author = {Jubran Akram and Oleg Ovcharenko and Daniel Peter},
title = {A robust neural network-based approach for microseismic event detection},
journal = {87th Annual International Meeting, SEG, Expanded Abstracts},
pages = {2929-2933},
year = {2017},
doi = {10.1190/segam2017-17761195.1},}

@article{Yatong2020,
author = {Yatong Zhou and Guoning Wu},
title = {Unsupervised machine learning for waveform extraction in microseismic denoising},
journal = {Journal of Applied Geophysics},
  volume={173},
  pages={103879},
year = {2020},
doi = {10.1016/j.jappgeo.2019.103879},}

@article{Nori2016,
author = {Nori Nakata and Gregory C. Beroza},
title = {Reverse time migration for microseismic sources using the geometric mean as an imaging condition},
journal = {Geophysics},
volume = {81},
number = {2},
issue = {2},
pages = {KS51-KS60},
year = {2016},
doi = {10.1190/geo2015-0278.1},}

@Article{yangkang2015ortho,
  author={Yangkang Chen and Sergey Fomel},
  title = {Random noise attenuation using local signal-and-noise orthogonalization},
  journal={Geophysics},
  volume=80,
  year=2015,
  issue=6,
  number=6,
  pages={W{D}1-W{D}9},
}


@article{Jianlong2020,
author = {Jianlong Yuan and Jiashun Yu and Xiaobo Fu and Chao Han},
title = {Antinoise performance of time-reverse imaging conditions for microseismic location},
journal = {Geophysics},
volume = {85},
number = {3},
issue = {3},
pages = {KS75-KS87},
year = {2020},
doi = {10.1190/geo2019-0488.1},}

@article{Norimitsu2016,
author = {Norimitsu Nakata and Gregory Beroza and Junzhe Sun and Sergey Fomel},
title = {Migration-based passive-source imaging for continuous data},
journal = {86th Annual International Meeting, SEG, Expanded Abstracts},
pages = {2607-2611},
year = {2016},
doi = {10.1190/segam2016-13959132.1},}

@article{Junzhe2015,
author = {Junzhe Sun and Tieyuan Zhu and Sergey Fomel and Wen-Zhan Song},
title = {Investigating the possibility of locating microseismic sources using distributed sensor networks},
journal = {85th Annual International Meeting, SEG, Expanded Abstracts},
pages = {2485-2490},
year = {2015},
doi = {10.1190/segam2015-5888848.1},}
