@article{van2005surface,
  title={Surface wave tomography applied to the North {A}merican upper mantle},
  author={Van Der Lee, Suzan and Frederiksen, Andrew},
  journal={Seismic Earth: Array Analysis of Broadband Seismograms},
  volume={157},
  pages={67--80},
  year={2005},
  publisher={Wiley Online Library}
}

@article{moschetti2007surface,
  title={Surface wave tomography of the western United States from ambient seismic noise: Rayleigh wave group velocity maps},
  author={Moschetti, MP and Ritzwoller, MH and Shapiro, NM},
  journal={Geochemistry, Geophysics, Geosystems},
  volume={8},
  number={8},
  year={2007},
  publisher={Wiley Online Library}
}

@article{porritt2014seismic,
  title={Seismic imaging east of the Rocky Mountains with {USA}rray},
  author={Porritt, Robert W and Allen, Richard M and Pollitz, Fred F},
  journal={Earth and Planetary Science Letters},
  volume={402},
  pages={16--25},
  year={2014},
  publisher={Elsevier}
}
@article{yang2008structure,
  title={Structure of the crust and uppermost mantle beneath the western United States revealed by ambient noise and earthquake tomography},
  author={Yang, Yingjie and Ritzwoller, Michael H and Lin, F-C and Moschetti, MP and Shapiro, Nikolai M},
  journal={Journal of Geophysical Research: Solid Earth},
  volume={113},
  number={B12},
  year={2008},
  publisher={Wiley Online Library}
}

@article{lin2009eikonal,
  title={Eikonal tomography: surface wave tomography by phase front tracking across a regional broad-band seismic array},
  author={Lin, Fan-Chi and Ritzwoller, Michael H and Snieder, Roel},
  journal={Geophysical Journal International},
  volume={177},
  number={3},
  pages={1091--1110},
  year={2009},
  publisher={Blackwell Publishing Ltd Oxford, UK}
}

@article{yuan2010lithospheric,
  title={Lithospheric layering in the North {A}merican craton},
  author={Yuan, Huaiyu and Romanowicz, Barbara},
  journal={Nature},
  volume={466},
  number={7310},
  pages={1063},
  year={2010},
  publisher={Nature Publishing Group}
}
@article{sigloch2011mantle,
  title={Mantle provinces under North {A}merica from multifrequency P wave tomography},
  author={Sigloch, Karin},
  journal={Geochemistry, Geophysics, Geosystems},
  volume={12},
  number={2},
  year={2011},
  publisher={Wiley Online Library}
}

@article{lin2011helmholtz,
  title={Helmholtz surface wave tomography for isotropic and azimuthally anisotropic structure},
  author={Lin, Fan-Chi and Ritzwoller, Michael H},
  journal={Geophysical Journal International},
  volume={186},
  number={3},
  pages={1104--1120},
  year={2011},
  publisher={Blackwell Publishing Ltd Oxford, UK}
}
@Article{mostafa2016geo,
  author={S[] Mostafa Mousavi and Charles A[] Langston and Stephen P[] Horton},
  title={Automatic microseismic denoising and onset detection using the synchrosqueezed continuous wavelet transform},
  journal={Geophysics},
  year=2016,
  volume=81,
  number=4,
  issue=4,
  pages={V341-V355},
}

@Article{mostafa2016bssa,
  author={S[] Mostafa Mousavi and Charles A[] Langston},
  title={Hybrid Seismic Denoising Using Higher-Order Statistics and Improved Wavelet Block Thresholding},
  journal={Bulletin of the Seismological Society of {A}merica},
  year=2016,
  volume=106,
  number=4,
  issue=4,
  pages={1380-1393},
}


@article{schneider2017improvement,
  title={Improvement of coda phase detectability and reconstruction of global seismic data using frequency--wavenumber methods},
  author={Schneider, Simon and Thomas, Christine and Dokht, Ramin MH and Gu, Yu Jeffrey and Chen, Yunfeng},
  journal={Geophysical Journal International},
  volume={212},
  number={2},
  pages={1288--1301},
  year={2017},
  publisher={Oxford University Press}
}

@Article{abma2006,
  author={R[] Abma and N[] Kabir},
  title = {3{D} interpolation of irregular data with a {POCS} algorithm},
  journal={Geophysics},
  Volume=71,
  year=2006,
  pages={E91-E97},
}



@article{yu2017mapping,
  title={Mapping mantle transition zone discontinuities beneath the Central Pacific with array processing of SS precursors},
  author={Yu, Chunquan and Day, Elizabeth A and Hoop, Maarten V and Campillo, Michel and Hilst, Robert D},
  journal={Journal of Geophysical Research: Solid Earth},
  volume={122},
  number={12},
  year={2017},
  publisher={Wiley Online Library}
}
@article{ventosa2015extraction,
  title={Extraction of weak PcP phases using the slant-stacklet transformâ€”I: method and examples},
  author={Ventosa, Sergi and Romanowicz, Barbara},
  journal={Geophysical Journal International},
  volume={201},
  number={1},
  pages={207--223},
  year={2015},
  publisher={Oxford University Press}
}

@article{ventosa2015extraction2,
  title={Extraction of weak PcP phases using the slant-stacklet transform--II: constraints on lateral variations of structure near the core--mantle boundary},
  author={Ventosa, Sergi and Romanowicz, Barbara},
  journal={Geophysical Journal International},
  volume={203},
  number={2},
  pages={1227--1245},
  year={2015},
  publisher={Oxford University Press}
}


@Article{fomel2010seislet,
  author = 	 {S[] Fomel and Y[] Liu},
  title = 	 {Seislet transform and seislet frame},
  journal = 	 {Geophysics},
  year = 	 2010,
  volume =	 75,
  issue=3,
  pages =	 {V25-V38},
}
@article{ssa,
  title={Singular-spectrum analysis: A toolkit for short, noisy chaotic signals},
  author={Vautard, Robert and Yiou, Pascal and Ghil, Michael},
  journal={Physica D: Nonlinear Phenomena},
  volume={58},
  number={1-4},
  pages={95--126},
  year={1992},
  publisher={Elsevier}
}



@Article{mssa,
  author={Vicente Oropeza and Mauricio Sacchi},
  title={Simultaneous seismic data denoising and reconstruction via multichannel singular spectrum analysis},
  journal = 	 {Geophysics},
  year = 	 2011,
  volume =	 76,
    issue=3,
  pages =	 {V25-V32},
}

@Article{kreimer2013,
  author={N[] Kreimer and A[] Stanton and M[] Sacchi},
  title={Tensor completion based on nuclear norm minimization for 5{D} seismic data reconstruction},
  journal={Geophysics},
  year=2013,
  Volume=78,
  issue=6,
  pages={V273-V284},
}

@Article{yangkang2016irr5d,
  author={Yangkang Chen and Dong Zhang and Zhaoyu Jin and Xiaohong Chen and Shaohuan Zu and Weilin Huang and Shuwei Gan},
  title = {Simultaneous denoising and reconstruction of 5{D} seismic data via damped rank-reduction method},
  journal={Geophysical Journal International},
  year=2016,
  volume=206,
  issue=3,
  pages={1695-1717},
}

@article{langston1977effect,
  title={The effect of planar dipping structure on source and receiver responses for constant ray parameter},
  author={Langston, Charles A},
  journal={Bulletin of the Seismological Society of {A}merica},
  volume={67},
  number={4},
  pages={1029--1050},
  year={1977},
  publisher={The Seismological Society of {A}merica}
}


@article{chengping2015,
  title={Inverting interpolated receiver functions with surface wave dispersion and gravity: Application to the western US and adjacent {C}anada and {M}exico},
  author={Chai, Chengping and Ammon, Charles J and Maceira, Monica and Herrmann, Robert B},
  journal={Geophysical Research Letters},
  volume={42},
  number={11},
  pages={4359--4366},
  year={2015},
  publisher={Wiley Online Library}
}



@article{neal1999imaging,
  title={Imaging P-to-S conversions with multichannel receiver functions},
  author={Neal, Scott L and Pavlis, Gary L},
  journal={Geophysical research letters},
  volume={26},
  number={16},
  pages={2581--2584},
  year={1999},
  publisher={Wiley Online Library}
}


@article{song2017moho,
  title={Moho imaging based on receiver function analysis with teleseismic wavefield reconstruction: Application to South China},
  author={Song, Penghan and Zhang, Xuemei and Liu, Youshan and Teng, Jiwen},
  journal={Tectonophysics},
  volume={718},
  pages={118--131},
  year={2017},
  publisher={Elsevier}
}



@article{sheldrake2002regional,
  title={Regional Wavefield reconstruction for teleseismic P-waves and Surface waves},
  author={Sheldrake, K Prindle and Marcinkovich, C and Tanimoto, T},
  journal={Geophysical research letters},
  volume={29},
  number={11},
  pages={39--1},
  year={2002},
  publisher={Wiley Online Library}
}

@article{zhang2014receiver,
  title={Receiver function imaging with reconstructed wavefields from sparsely scattered stations},
  author={Zhang, Jinhai and Zheng, Tianyu},
  journal={Seismological Research Letters},
  volume={86},
  number={1},
  pages={165--172},
  year={2014},
  publisher={Seismological Society of {A}merica}
}


@article{wilson2007teleseismic,
  title={Teleseismic wavefield interpolation and signal extraction using high-resolution linear radon transforms},
  author={Wilson, C and Guitton, A},
  journal={Geophysical Journal International},
  volume={168},
  number={1},
  pages={171--181},
  year={2007},
  publisher={Blackwell Publishing Ltd Oxford, UK}
}

@article{dokht2016singular,
  title={Singular spectrum analysis and its applications in mapping mantle seismic structure},
  author={Dokht, Ramin MH and Gu, Yu Jeffrey and Sacchi, Mauricio D},
  journal={Geophysical Journal International},
  volume={208},
  number={3},
  pages={1430--1442},
  year={2016},
  publisher={Oxford University Press}
}
@article{gu2015sharp,
  title={Sharp mantle transition from cratons to Cordillera in southwestern Canada},
  author={Gu, Yu Jeffrey and Zhang, Yuanyin and Sacchi, Mauricio D and Chen, Yunfeng and Contenti, Sean},
  journal={Journal of Geophysical Research: Solid Earth},
  volume={120},
  number={7},
  pages={5051--5069},
  year={2015},
  publisher={Wiley Online Library}
}

@article{hu2018wavefield,
  title={Wavefield Reconstruction of Teleseismic Receiver Function with the Stretching-and-Squeezing Interpolation Method},
  author={Hu, Shaoqian and Jiang, Xiaohuan and Zhu, Lupei and Yao, Huajian},
  journal={Seismological Research Letters},
  year={2018},
  publisher={Seismological Society of {A}merica}
}



@article{schneider2017improvement,
  title={Improvement of coda phase detectability and reconstruction of global seismic data using frequency--wavenumber methods},
  author={Schneider, Simon and Thomas, Christine and Dokht, Ramin MH and Gu, Yu Jeffrey and Chen, Yunfeng},
  journal={Geophysical Journal International},
  volume={212},
  number={2},
  pages={1288--1301},
  year={2017},
  publisher={Oxford University Press}
}

@article{zhan2018application,
  title={Application of wavefield compressive sensing in surface wave tomography},
  author={Zhan, Zhongwen and Li, Qingyang and Huang, Jianping},
  journal={Geophysical Journal International},
  volume={213},
  number={3},
  pages={1731--1743},
  year={2018},
  publisher={Oxford University Press}
}


@article{schmandt2015distinct,
  title={Distinct crustal isostasy trends east and west of the Rocky Mountain Front},
  author={Schmandt, Brandon and Lin, Fan-Chi and Karlstrom, Karl E},
  journal={Geophysical Research Letters},
  volume={42},
  number={23},
  pages={10--290},
  year={2015},
  publisher={Wiley Online Library}
}
@article{kennett1995constraints,
  title={Constraints on seismic velocities in the Earth from traveltimes},
  author={Kennett, Brian LN and Engdahl, ER and Buland, R},
  journal={Geophysical Journal International},
  volume={122},
  number={1},
  pages={108--124},
  year={1995},
  publisher={Oxford University Press}
}

@article{zhao2016principal,
  title={Principal component analysis for non-stationary time series based on detrended cross-correlation analysis},
  author={Zhao, Xiaojun and Shang, Pengjian},
  journal={Nonlinear Dynamics},
  volume={84},
  number={2},
  pages={1033--1044},
  year={2016},
  publisher={Springer}
}


@Article{fomel2007localattr,
  author={Sergey Fomel},
  title={Local seismic attributes},
  journal={Geophysics},
  year=2007,
  Volume=72,
  issue=3,
  number=3,
  pages={A29-A33},
}
@article{neal1999imaging,
  title={Imaging P-to-S conversions with multichannel receiver functions},
  author={Neal, Scott L and Pavlis, Gary L},
  journal={Geophysical research letters},
  volume={26},
  number={16},
  pages={2581--2584},
  year={1999},
  publisher={Wiley Online Library}
}
























@article{schaeffer2014imaging,
  title={Imaging the North {A}merican continent using waveform inversion of global and {USA}rray data},
  author={Schaeffer, AJ and Lebedev, S},
  journal={Earth and Planetary Science Letters},
  volume={402},
  pages={26--41},
  year={2014},
  publisher={Elsevier}
}

@article{schmandt2014p,
  title={P and S wave tomography of the mantle beneath the United States},
  author={Schmandt, Brandon and Lin, Fan-Chi},
  journal={Geophysical Research Letters},
  volume={41},
  number={18},
  pages={6342--6349},
  year={2014},
  publisher={Wiley Online Library}
}

@article{bao2016imaging,
  title={Imaging Rayleigh wave attenuation with {USA}rray},
  author={Bao, Xueyang and Dalton, Colleen A and Jin, Ge and Gaherty, James B and Shen, Yang},
  journal={Geophysical Journal International},
  volume={206},
  number={1},
  pages={241--259},
  year={2016},
  publisher={Oxford University Press}
}


@article{burdick2017model,
  title={Model update May 2016: Upper-mantle heterogeneity beneath North {A}merica from travel-time tomography with global and {USA}rray data},
  author={Burdick, Scott and Vernon, Frank L and Martynov, Vladik and Eakins, Jennifer and Cox, Trilby and Tytell, Jonathan and Mulder, Taimi and White, Malcolm C and Astiz, Luciana and Pavlis, Gary L and others},
  journal={Seismological Research Letters},
  volume={88},
  number={2A},
  pages={319--325},
  year={2017},
  publisher={GeoScienceWorld}
}



@article{rost2002array,
  title={Array seismology: Methods and applications},
  author={Rost, Sebastian and Thomas, Christine},
  journal={Reviews of geophysics},
  volume={40},
  number={3},
  pages={2--1},
  year={2002},
  publisher={Wiley Online Library}
}
@book{gu2010arrays,
  title={Arrays and array methods in global seismology},
  author={Gu, Yu Jeffrey},
  year={2010},
  publisher={Springer}
}


@article{bootstrap1991,
  title={ Statistical data analysis in the computer age},
  author={B[] Efron and R[] Tibshirani},
  journal={Science},
  volume={253},
  pages={390-395},
  year={1991},
}
@article{dziewonski1969technique,
  title={A technique for the analysis of transient seismic signals},
  author={Dziewonski, A and Bloch, S and Landisman, M},
  journal={Bulletin of the seismological Society of America},
  volume={59},
  number={1},
  pages={427--444},
  year={1969},
  publisher={The Seismological Society of America}
}

@article{rost2002array,
  title={Array seismology: Methods and applications},
  author={Rost, Sebastian and Thomas, Christine},
  journal={Reviews of geophysics},
  volume={40},
  number={3},
  pages={2--1},
  year={2002},
  publisher={Wiley Online Library}
}


@article{liu2012seismic,
  title={Seismic imaging: From classical to adjoint tomography},
  author={Liu, Q and Gu, YJ},
  journal={Tectonophysics},
  volume={566},
  pages={31--66},
  year={2012},
  publisher={Elsevier}
}


@article{aki1977determination,
  title={Determination of the three-dimensional seismic structure of the lithosphere},
  author={Aki, Keiiti and Christoffersson, Anders and Husebye, Eystein S},
  journal={Journal of Geophysical Research},
  volume={82},
  number={2},
  pages={277--296},
  year={1977},
  publisher={Wiley Online Library}
}


@article{vandecar1990determination,
  title={Determination of teleseismic relative phase arrival times using multi-channel cross-correlation and least squares},
  author={VanDecar, JC and Crosson, RS},
  journal={Bulletin of the Seismological Society of {A}merica},
  volume={80},
  number={1},
  pages={150--169},
  year={1990},
  publisher={The Seismological Society of {A}merica}
}
@article{dahlen2000frechet,
  title={Fr{\'e}chet kernels for finite-frequency traveltimesâ€”I. Theory},
  author={Dahlen, FA and Hung, S-H and Nolet, Guust},
  journal={Geophysical Journal International},
  volume={141},
  number={1},
  pages={157--174},
  year={2000},
  publisher={Blackwell Publishing Ltd Oxford, UK}
}

@article{chen2017finite,
  title={Finite-frequency P-wave tomography of the Western {C}anada Sedimentary Basin: Implications for the lithospheric evolution in Western Laurentia},
  author={Chen, Yunfeng and Gu, Yu Jeffrey and Hung, Shu-Huei},
  journal={Tectonophysics},
  volume={698},
  pages={79--90},
  year={2017},
  publisher={Elsevier}
}

@article{jin2015surface,
  title={Surface wave phase-velocity tomography based on multichannel cross-correlation},
  author={Jin, Ge and Gaherty, James B},
  journal={Geophysical Journal International},
  volume={201},
  number={3},
  pages={1383--1398},
  year={2015},
  publisher={Oxford University Press}
}

@article{ventosa2015extraction2,
  title={Extraction of weak PcP phases using the slant-stacklet transform--II: constraints on lateral variations of structure near the core--mantle boundary},
  author={Ventosa, Sergi and Romanowicz, Barbara},
  journal={Geophysical Journal International},
  volume={203},
  number={2},
  pages={1227--1245},
  year={2015},
  publisher={Oxford University Press}
}

@article{schmandt2013analysis,
  title={Analysis of teleseismic P waves with a 5200-station array in Long Beach, California: Evidence for an abrupt boundary to Inner Borderland rifting},
  author={Schmandt, Brandon and Clayton, Robert W},
  journal={Journal of Geophysical Research: Solid Earth},
  volume={118},
  number={10},
  pages={5320--5338},
  year={2013},
  publisher={Wiley Online Library}
}

@article{langston2007wave,
  title={Wave gradiometry in two dimensions},
  author={Langston, Charles A},
  journal={Bulletin of the Seismological Society of {A}merica},
  volume={97},
  number={2},
  pages={401--416},
  year={2007},
  publisher={Seismological Society of {A}merica}
}

@article{hansen2015automated,
  title={Automated detection and location of microseismicity at Mount St. Helens with a large-N geophone array},
  author={Hansen, Steven M and Schmandt, Brandon},
  journal={Geophysical Research Letters},
  volume={42},
  number={18},
  pages={7390--7397},
  year={2015},
  publisher={Wiley Online Library}
}
@article{ward2018high,
  title={High-Resolution Receiver Function Imaging Across the Cascadia Subduction Zone Using a Dense Nodal Array},
  author={Ward, KM and Lin, F and Schmandt, B},
  journal={Geophysical Research Letters},
  volume={45},
  number={22},
  pages={12--218},
  year={2018},
  publisher={Wiley Online Library}
}
@article{lin2013high,
  title={High-resolution 3D shallow crustal structure in Long Beach, California: Application of ambient noise tomography on a dense seismic arrayNoise tomography with a dense array},
  author={Lin, Fan-Chi and Li, Dunzhu and Clayton, Robert W and Hollis, Dan},
  journal={Geophysics},
  volume={78},
  number={4},
  pages={Q45--Q56},
  year={2013},
  publisher={GeoScienceWorld}
}
@article{liu2012seismic,
  title={Seismic imaging: From classical to adjoint tomography},
  author={Liu, Q and Gu, YJ},
  journal={Tectonophysics},
  volume={566},
  pages={31--66},
  year={2012},
  publisher={Elsevier}
}



