@Article{yangkang20142,
  author={Yangkang Chen and Sergey Fomel and Jingwei Hu},
  title ={Iterative deblending of simultaneous-source seismic data using seislet-domain shaping regularization},
  journal={Geophysics},
  year=2014,
  volume=79,
  issue=5,
  pages={V179-V189},
}



@Article{yangkang20142,
  author={Yangkang Chen and Sergey Fomel and Jingwei Hu},
  title ={Iterative deblending of simultaneous-source seismic data using seislet-domain shaping regularization},
  journal={Geophysics},
  year=2014,
  volume=79,
  issue=5,
  pages={V179-V189},
}
@Article{guochang2012,
  author={Guochang Liu and Xiaohong Chen and Jing Du and Kailong Wu},
  title ={Random noise attenuation using \emph{f-x} regularized nonstationary autoregression},
  journal={Geophysics},
  volume=77,
  year=2012,
  issue=2,
  number=2,
  pages={V61-V69},
}
@Article{weilin2018,
  author={Weilin Huang and Runqiu Wang and Yangkang Chen},
  title = {Regularized non-stationary morphological reconstruction algorithm for weak signal detection in micro-seismic monitoring: Methodology},
  journal={Geophysical Journal International},
  year=2018,
  volume=213,
  issue=2,
  pages={1189-1211},
}

@article{jeong2019enhanced,
  title={Enhanced elastic wavefield separation using local orthogonalization filtering with applications in elastic modelling and inversion},
  author={Jeong, Woodon and Tsingas, Constantinos and Kim, Young Seo},
  journal={Journal of Applied Geophysics},
  volume={160},
  pages={131--143},
  year={2019},
  publisher={Elsevier}
}

@article{xue2017full,
  title={Full waveform inversion using seislet regularization},
  author={Xue, Zhiguang and Zhu, Hejun and Fomel, Sergey},
  journal={Geophysics},
  volume={82},
  number={5},
  pages={A43-A49},
  year={2017},
  publisher={Society of Exploration Geophysicists}
}


@Article{shuwei2016somf,
  author={S[] Gan and Shoudong Wang and Yangkang Chen and Xiaohong Chen and Kui Xiang},
  title = {Separation of simultaneous sources using a structural-oriented median filter in the flattened dimension},
  journal={Computers \& Geosciences},
  year=2016,
  volume=86,
  pages={46-54},
}
@Article{sosvmf,
  author={Yangkang Chen and S[] Zu and Yufeng Wang and Xiaohong Chen},
  title = {Deblending of simultaneous-source data using a structure-oriented space-varying median filter},
  journal={Geophysical Journal International},
  year=2020,
  volume=222,
  issue=1,
  number=1,
  pages={1805–1823},
  doi={10.1093/gji/ggaa189},
}

@Article{mostafa2016geo,
  author={S[] Mostafa Mousavi and Charles A[] Langston and Stephen P[] Horton},
  title={Automatic microseismic denoising and onset detection using the synchrosqueezed continuous wavelet transform},
  journal={Geophysics},
  year=2016,
  volume=81,
  number=4,
  issue=4,
  pages={V341-V355},
}


@article{sripanich2017elastic,
  title={Elastic wave-vector decomposition in heterogeneous anisotropic media},
  author={Sripanich, Yanadet and Fomel, Sergey and Sun, Junzhe and Cheng, Jiubing},
  journal={Geophysical Prospecting},
  volume={65},
  number={5},
  pages={1231--1245},
  year={2017},
  publisher={European Association of Geoscientists \& Engineers}
}


@Article{yangkang2015ortho,
  author={Yangkang Chen and Sergey Fomel},
  title = {Random noise attenuation using local signal-and-noise orthogonalization},
  journal={Geophysics},
  volume=80,
  year=2015,
  issue=6,
  number=6,
  pages={W{D}1-W{D}9},
}

@article{fomel2007,
  author =	 {S[] Fomel and E[] Landa and M[] T[] Taner},
  title =	 {Post-stack velocity analysis by separation and imaging of seismic diffractions},
  journal =	 {Geophysics},
  volume={72},
  year =	 2007,
 pages={U89-U94},
}

@article{guochang2018weighted,
  title={Weighted Multisteps Adaptive Autoregression for Seismic Image Denoising},
  author={Liu, Guochang and Liu, Yang and Li, Chao and Chen, Xiaohong},
  journal={IEEE Geoscience and Remote Sensing Letters},
  volume={15},
  number={9},
  pages={1342--1346},
  year={2018},
  publisher={IEEE}
}

@Article{guochang2009,
author={G[] Liu and S[] Fomel and L[] Jin and X[] Chen},
title={Stacking seismic data using local correlation},
journal={Geophysics},
volume=74,
year=2009,
pages={V43-V48}
}

@Article{guochang2013,
author={G[] Liu and X[] Chen},
title={Noncausal f-x-y regularized nonstationary prediction filtering for random noise attenuation on 3{D} seismic data},
journal={Journal of Applied Geophysics},
volume=93,
year=2013,
pages={60-66}
}


@article{huang2018damped,
  title={Damped dreamlet representation for exploration seismic data interpolation and denoising},
  author={Huang, Weilin and Wu, Ru-Shan and Wang, Runqiu},
  journal={IEEE Transactions on Geoscience and Remote Sensing},
  volume={56},
  number={6},
  issue=6,
  pages={3159--3172},
  year={2018},
  publisher={IEEE}
}

@Article{curveletieee2016,
  author={Tong Qiao and J[] Ren and Z[] Wang and J[] Zabalza and M[] Sun and H[] Zhao and S[] Li and J[] A[] Benediktsson and Q[] Dai},
  title={Effective Denoising and Classification of Hyperspectral Images Using Curvelet Transform and Singular Spectrum Analysis},
  journal={IEEE Transactions on Geoscience and Remote Sensing},
  year=2016,
  Volume=55,
  issue=1,
  number=1,
  pages={119-133},
}

@article{yanan2014,
  author =	 {Y[] Tian and Yue Li and Baojun Yang},
  title =	 {Variable-Eccentricity Hyperbolic-Trace {TFPF} for Seismic Random Noise Attenuation},
  year =	 2014,
  journal =	 {IEEE Transactions on Geoscience and Remote Sensing},
  volume =	 52,
  number=10,
  issue=10,
  pages =	 {6449-6458},
}

@article{yanhui2016,
  author =	 {Y[] Zhou and J[] Gao and W[] Chen and P[] Frossard},
  title =	 {Seismic Simultaneous Source Separation via Patchwise Sparse Representation},
  year =	 2016,
  journal =	 {IEEE Transactions on Geoscience and Remote Sensing},
  volume =	 54,
  issue=9,
  pages =	 {5271-5284},
}



@article{xiaolei2012,
  author =	 {Xiaolei Zou and Yuan Ma and Zhengkun Qin},
  title =	 {Fengyun-3B MicroWave Humidity Sounder (MWHS) Data Noise Characterization and Filtering Using Principal Component Analysis},
  year =	 2012,
  journal =	 {IEEE Transactions on Geoscience and Remote Sensing},
  volume =	 50,
  issue=12,
  pages =	 {4892 - 4902},
}

@article{wang2019hankel,
  title={Hankel Low-Rank Approximation for Seismic Noise Attenuation},
  author={Wang, Chong and Zhu, Zhihui and Gu, Hanming and Wu, Xinming and Liu, Shuaiqi},
  journal={IEEE Transactions on Geoscience and Remote Sensing},
  volume=57,
  number={1},
  issue=1,
  pages={1--13},
  year={2019},
  publisher={IEEE}
}

@Article{weilin2017dlsp,
  author={Weilin Huang and Runqiu Wang and Xiaohong Chen and Yangkang Chen},
  title = {Double least squares projections method for signal estimation},
  journal={IEEE Transactions on Geoscience and Remote Sensing},
  year=2017,
  volume=55,
  number=7,
  issue=7,
  pages={4111-4129},
}


@article{gao2017five,
  title={Five-Dimensional Seismic Reconstruction Using Parallel Square Matrix Factorization},
  author={Gao, Jianjun and Cheng, Jinkun and Sacchi, Mauricio D},
  journal={IEEE Transactions on Geoscience and Remote Sensing},
  volume={55},
  number={4},
  pages={2124--2135},
  year={2017},
  publisher={IEEE}
}

@Article{yangkang20141,
  author={Yangkang Chen and Jitao Ma},
  title ={Random noise attenuation by $f-x$ empirical mode decomposition predictive filtering},
  journal={Geophysics},
  year=2014,
  Volume=79,
  issue=3,
  number=3,
  pages={V81-V91},
}

@Article{mediandeblend,
  author={Shoudong Huo and Yi Luo and Panos G[] Kelamis},
  title={Simultaneous sources separation via multidirectional vector-median filtering},
  journal = 	 {Geophysics},
  year = 	 2012,
  volume =	 77,
  number=4,
  issue=4,
  pages =	 {V123-V131},
}

@Article{yangkang2019nc,
  author={Yangkang Chen and Min Bai and Yunfeng Chen},
  title = {Obtaining free {USA}rray data by multi-dimensional seismic reconstruction},
  journal={Nature Communications},
  year=2019,
  volume=10,
  number=1,
  issue=1,
  pages={4434},
  doi={10.1038/s41467-019-12405-0},
}

@Article{yangkang20142,
  author={Yangkang Chen and Sergey Fomel and Jingwei Hu},
  title ={Iterative deblending of simultaneous-source seismic data using seislet-domain shaping regularization},
  journal={Geophysics},
  year=2014,
  volume=79,
  issue=5,
  number=5,
  pages={V179-V189},
  doi={10.1190/GEO2013-0449.1},
}

@Article{wanghang2021geo,
  author={Hang Wang and Wei Chen and Weilin Huang and Shaohuan Zu and Xingye Liu and Liuqing Yang and Yangkang Chen},
  title = {Non-stationary predictive filtering for seismic random noise suppression - A tutorial},
  journal={Geophysics},
  year=2021,
  volume=86,
  issue=3,
  number=3,
  pages={doi: 10.1190/geo2020-0368.1},
  doi={10.1190/geo2020-0368.1},
}

@Article{amir2017geo,
  author={M[] A[] N[] Siahsar and S[] Gholtashi and A[] R[] Kahoo and W[] Chen and Y[] Chen},
  title = {Data-driven multi-task sparse dictionary learning for noise attenuation of 3{D} seismic data},
  journal={Geophysics},
  year=2017,
  volume=82,
  number=6,
  issue=6,
  pages={V385-V396},
}
@Article{amir2017,
  author={M[] A[] N[] Siahsar and V[] Abolghasemi  and Yangkang Chen},
  title = {Simultaneous denoising and interpolation of 2{D} seismic data using data-driven non-negative dictionary learning},
  journal={Signal Processing},
  year=2017,
  volume=141,
  pages={309-321},
}

@Article{omar2020geo1,
  author={Omar Saad and Yangkang Chen},
  title = {Deep Denoising Autoencoder for Seismic Random Noise Attenuation},
  journal={Geophysics},
  year=2020,
  volume=85,
  issue=4,
  number=4,
  pages={V367–V376},
  doi={10.1190/geo2019-0468.1},
}



@Article{zhangdong2020geo,
  author={Dong Zhang and Eric Dirk Jacob Verschuur and Mikhail Davydenko and Yangkang Chen and Ali Alfaraj and Shan Qu},
  title = {Local primary-and-multiple orthogonalization for leaked internal multiple crosstalk estimation and attenuation on full-wavefield migrated images},
  journal={Geophysics},
  year=2021,
  volume=86,
  issue=1,
  number=1,
  pages={A7–A13},
  doi={10.1190/GEO2020-0448.1},
}

@Article{weilin2016dmssa,
  author={Weilin Huang and Runqiu Wang and  Yangkang Chen and Huijian Li and Shuwei Gan},
  title = {Damped Multichannel Singular Spectrum Analysis for 3{D} Random Noise Attenuation },
  journal={Geophysics},
  year=2016,
  volume=81,
  issue=4,
  number=4,
  pages={V261-V270},
}

@Article{qu2020robust,
  title={Robust {AVO}-Preserving Joint Migration Inversion of Seismic Reflections Using a Data Mismatch Based on Local Orthogonalization},
  author={Qu, S and Verschuur, DJ and Chen, Y},
  booktitle={82nd Annual International Conference and Exhibition, EAGE, Extended Abstracts},
  volume={2020},
  number={1},
  pages={1--5},
  year={2020},
  organization={European Association of Geoscientists \& Engineers}
}


@Article{canales1984,
  author = 	 {L[] Canales},
  title = 	 {Random noise reduction},
  journal = 	 {54th Annual International Meeting, SEG, Expanded Abstracts},
  year = 	 1984,
  pages =	 {525-527}
}


@Article{sacchi2000fxproj,
  title={FX arma filters},
  author={Sacchi, Mauricio D and Kuehl, Henning},
  booktitle={70th Annual International Meeting, SEG, Expanded Abstracts},
  pages={2092--2095},
  year={2000},
  publisher={Society of Exploration Geophysicists}
}


@incollection{justusson1981median,
  title={Median filtering: Statistical properties},
  author={Justusson, BI},
  booktitle={Two-Dimensional Digital Signal Prcessing II},
  pages={161--196},
  year={1981},
  publisher={Springer}
}


@article{abma1995,
  author =	 {R[] Abma and J[] Claerbout},
  title =	 {Lateral prediction for noise attenuation by $t-x$ and $f-x$ techniques},
  year =	 1995,
  journal =	 {Geophysics},
  volume =	 60,
  issue=6,
  number=6,
  pages =	 {1887-1896},
}

@article{liu2018streaming,
  title={Streaming orthogonal prediction filter in the t-x domain for random noise attenuation},
  author={Liu, Yang and Li, Bingxiu},
  journal={Geophysics},
  volume={83},
  number={4},
  pages={F41--F48},
  year={2018},
  publisher={Society of Exploration Geophysicists}
}

@article{chenwei2018,
  title={Automatic noise attenuation based on clustering and empirical wavelet transform},
  author={Chen, Wei and Song, Hui},
  journal={Journal of Applied Geophysics},
  volume={159},
  pages={649--665},
  year={2018},
  publisher={Elsevier}
}

@article{wang2019efficient,
  title={Efficient Deblending in the PFK Domain Based on Compressive Sensing},
  author={Wang, Benfeng and Geng, Jianhua},
  journal={IEEE Transactions on Geoscience and Remote Sensing},
  year={2019},
  publisher={IEEE}
}


@article{wang2019robust,
  title={A Robust and Efficient Sparse Time-Invariant Radon Transform in the Mixed Time--Frequency Domain},
  author={Wang, Benfeng and Zhang, Yingqiang and Lu, Wenkai and Geng, Jianhua},
  journal={IEEE Transactions on Geoscience and Remote Sensing},
  volume={57},
  number={10},
  pages={7558--7566},
  year={2019},
  publisher={IEEE}
}


@Article{liuwei2019ewt,
  author={W[] Liu and W[] Chen},
  title ={Recent advancements in empirical wavelet transform and its applications},
  journal={IEEE Access},
  year=2019,
  Volume=7,
  pages={103770-103780},
}


@Article{liuyang2010oc,
  author = 	 {Yang Liu and Sergey Fomel},
  title = 	 {OC-seislet: Seislet transform construction with differential offset continuation},
  journal = 	 {Geophysics},
  year = 	 2010,
  volume =	 75,
  pages =	 {WB235-WB245},
}

@Article{liuyang2015,
  author =	 { Yang Liu and Sergey Fomel and Cai Liu},
  title =	 {Signal and noise separation in prestack seismic data using velocity-dependent seislet transform},
  journal =	 {Geophysics},
  year =	 2015,
  volume=80,
  issue=6,
  number=6,
  pages =	 {WD117-WD128},
}

@article{li2018multidimensional,
  title={Multidimensional Seismic Data Reconstruction Using Frequency-Domain Adaptive Prediction-Error Filter},
  author={Li, Chao and Liu, Guochang and Hao, Zhenjiang and Zu, Shaohuan and Mi, Fang and Chen, Xiaohong},
  journal={IEEE Transactions on Geoscience and Remote Sensing},
  volume={56},
  number={4},
  issue=4,
  pages={2328--2336},
  year={2018},
  publisher={IEEE}
}
@Article{weilin2017dlsp,
  author={Weilin Huang and Runqiu Wang and Xiaohong Chen and Yangkang Chen},
  title = {Double least squares projections method for signal estimation},
  journal={IEEE Transactions on Geoscience and Remote Sensing},
  year=2017,
  volume=55,
  number=7,
  issue=7,
  pages={4111-4129},
}






@Article{shaohuan2018ieee,
  author={S[] Zu and H[] Zhou and Rushan Wu and Weijian Mao and Yangkang Chen},
  title = {Hybrid-sparsity constrained dictionary learning for iterative deblending of extremely noisy simultaneous-source data},
  journal={IEEE Transactions on Geoscience and Remote Sensing},
  year=2018,
  volume=57,
  number=4,
  issue=4,
  pages={2249-2262},
  doi={10.1109/TGRS.2018.2872416},
}














@Article{fomel2007localattr,
  author={Sergey Fomel},
  title={Local seismic attributes},
  journal={Geophysics},
  year=2007,
  Volume=72,
  issue=3,
  number=3,
  pages={A29-A33},
}

@article{greer2018matching,
  title={Matching and merging high-resolution and legacy seismic images},
  author={Greer, Sarah and Fomel, Sergey},
  journal={Geophysics},
  volume={83},
  number={2},
  pages={V115--V122},
  year={2018},
  publisher={Society of Exploration Geophysicists}
}


@Article{fomel2007shape,
  author={Sergey Fomel},
  title={Shaping regularization in geophysical-estimation problems},
  journal={Geophysics},
  year=2007,
  Volume=72,
  issue=2,
  number=2,
  pages={R29-R36},
}

@Article{verschuur2011,
  author={D[] J[] Verschuur and A[] J[] Berkhout},
  title={Seismic migration of blended shot records with surface-related multiple scattering},
  journal={Geophysics},
  year=2011,
  Volume=76,
  number=1,
  issue=1,
  pages={A7-A13},
}
@book{gram,
  author={M[] Hazewinkel},
  title ={Encyclopedia of Mathematics},
  year=2001,
  publisher = {Springer},
}
@Article{zhangdong2019ortho,
  author={Dong Zhang and E[] Verschuur and Shan Qu and Yangkang Chen},
  title = {Surface-related multiple leakage extraction using local primary-and-multiple orthogonalization},
  journal={Geophysics},
  year=2020,
  volume=85,
  issue=1,
  number=1,
  pages={V81–V97},
  doi={10.1190/GEO2019-0465.1},
}

@Article{yangkang2015dbortho,
  author={Yangkang Chen},
  title = {Iterative deblending with multiple constraints based on shaping regularization},
  journal={IEEE Geoscience and Remote Sensing Letters},
  year=2015,
  volume=12,
  number=11,
  issue=11,
  pages={2247-2251},
}

@Article{yangkang20141,
  author={Yangkang Chen and Jitao Ma},
  title ={Random noise attenuation by \emph{f-x} empirical mode decomposition predictive filtering},
  journal={Geophysics},
  year=2014,
  Volume=79,
  issue=3,
  number=3,
  pages={V81-V91},
}
@Article{shaohuan2019,
  author={Shaohuan Zu and Junxing Cao and Shan Qu and Yangkang Chen},
  title = {Iterative deblending for simultaneous source data using the deep neural network},
  journal={Geophysics},
  year=2019,
  volume=85,
  issue=2,
  number=2,
  pages={V131–V141},
  doi={10.1190/geo2019-0319.1},
}



@Article{yangkang2015orthogroll,
  author={Yangkang Chen and Shebao Jiao and Jianwei Ma and Hanming Chen and Yatong Zhou and Shuwei Gan},
  title = {Ground-Roll Noise Attenuation Using a Simple and Effective Approach Based on Local Band-Limited Orthogonalization},
  journal={IEEE Geoscience and Remote Sensing Letters},
  year=2015,
  volume=12,
  pages={2316-2320},
}


@article{de2011ambient,
  title={Ambient seismic noise eikonal tomography for near-surface imaging at Valhall},
  author={de Ridder, Sjoerd and Dellinger, Joe},
  journal={The Leading Edge},
  volume={30},
  number={5},
  pages={506--512},
  year={2011},
  publisher={Society of Exploration Geophysicists}
}

