#Intro. of seislet
@article{Chen2018,
  author    = {Yangkang Chen and 
               Sergey Fomel},
  title     = {{EMD}-seislet transform},
  journal   = {Geophysics},
  volume    = {83},
  number    = {1},
  issue     = {1},
  pages     = {A27-A32},
  year      = {2018},
  doi       = {10.1190/geo2017-0554.1},
}
@Article{Gan2015,
  author={S[] Gan and Shoudong Wang and Yangkang Chen and Yizhuo Zhang and Zhaoyu Jin},
  title = {Dealiased Seismic Data Interpolation Using Seislet Transform With Low-Frequency Constraint},
  journal={IEEE Geoscience and Remote Sensing Letters},
  year=2015,
  volume=12,
  pages={2150-2154},
}

@article{Chen2014,
  title     = {Iterative deblending of simultaneous-source seismic data using 
               seislet-domain shaping regularization},
  author    = {Chen, Yangkang and 
               Fomel, Sergey and 
               Hu, Jingwei},
  journal   = {Geophysics},
  volume    = {79},
  number    = {5},
  issue     = {5},
  pages     = {V179--V189},
  year      = {2014},
  publisher = {Society of Exploration Geophysicists}
}

@article{Gan2016,
  author    = {S. {Gan} and 
               S. {Wang} and 
               Y. {Chen} and 
               X. {Chen}},
  journal   = {IEEE Geoscience and Remote Sensing Letters},
  title     = {Simultaneous-Source Separation Using Iterative Seislet-Frame 
               Thresholding},
  year      = {2016},
  volume    = {13},
  number    = {2},
  pages     = {197-201},
}

@article{Cai2013,
 author     = {Cai Liu and 
               Peng Li and 
               Yang Liu and 
               Dian Wang and 
               Xuan Feng and 
               Dianmi Liu},
 title      = {Iterative data interpolation beyond aliasing using seislet 
               transform},
 publisher  = {Chinese Journal of Geophysics (in Chinese)},
 year       = {2013},
 journal    = {Chinese Journal Of Geophysics},
 volume     = {56},
 number     = {5},
 pages      = {1619-1627},
}

@article{shuwei2016cs,
  title={Compressive sensing for seismic data reconstruction via fast projection onto convex sets based on seislet transform},
  author={Gan, Shuwei and Wang, Shoudong and Chen, Yangkang and Chen, Xiaohong and Huang, Weiling and Chen, Hanming},
  journal={Journal of Applied Geophysics},
  volume={130},
  pages={194--208},
  year={2016},
  publisher={Elsevier}
}

@article{Yang2015,
 title      = "Seislet-based morphological component analysis using scale-dependent exponential shrinkage",
 journal    = "Journal of Applied Geophysics",
 volume     = "118",
 pages      = "66 - 74",
 year       = "2015",
 issn       = "0926-9851",
 author     = "Pengliang Yang and Sergey Fomel",
}

@article{Chen2016a,
  author    = {Yangkang Chen and Jianwei Ma and Sergey Fomel},
  title     = {Double-sparsity dictionary for seismic noise attenuation},
  journal   = {Geophysics},
  volume    = {81},
  number    = {2},
  issue     = {2},
  pages     = {V103-V116},
  year      = {2016},
  doi       = {10.1190/geo2014-0525.1},
}

@article{Chen2016b,
  author    = {Chen, Yangkang},
  title     = {Dip-separated structural filtering using seislet transform and adaptive empirical mode decomposition based dip filter},
  journal   = {Geophysical Journal International},
  volume    = {206},
  number    = {1},
  pages     = {457-469},
  year      = {2016},
  month     = {04},
  issn      = {0956-540X},
}

@article{Fomel2010a,
  author    = {Sergey Fomel and 
               Yang Liu},
  title     = {Seislet transform and seislet frame},
  journal   = {Geophysics},
  volume    = {75},
  number    = {3},
  issue     = {3},
  pages     = {V25-V38},
  year      = {2010},
  doi       = {10.1190/1.3380591},
}

@article{Liu2010,
  author    = {Yang Liu and 
               Sergey Fomel},
  title     = {{OC}-seislet: Seislet transform construction with differential 
               offset continuation},
  journal   = {Geophysics},
  volume    = {75},
  number    = {6},
  issue     = {6},
  pages     = {WB235-WB245},
  year      = {2010},
  doi       = {10.1190/1.3479554},
}

@article{Liu2015,
  author    = {Yang Liu and 
               Sergey Fomel and 
               Cai Liu},
  title     = {Signal and noise separation in prestack seismic data using 
               velocity-dependent seislet transform},
  journal   = {Geophysics},
  volume    = {80},
  number    = {6},
  issue     = {6},
  pages     = {WD117-WD128},
  year      = {2015},
  doi       = {10.1190/geo2014-0234.1},
}


@inproceedings{Sweldens1995,
  author    = {Wim Sweldens},
  title     = {The Lifting Scheme: A New Philosophy in Biorthogonal Wavelet 
               Constructions},
  booktitle = {Wavelet Applications in Signal and Image Processing III},
  year      = {1995},
  pages     = {68--79}
}


# pwd
@article{Fomel2002,
  author    = {Sergey Fomel},
  title     = {Applications of plane-wave destruction filters},
  journal   = {Geophysics},
  volume    = {67},
  number    = {6},
  issue     = {6},
  pages     = {1946-1960},
  year      = {2002},
  doi       = {10.1190/1.1527095},
}

@book{Claerbout1992,
  title     = {Earth {S}oundings {A}nalysis: {P}rocessing {V}ersus {I}nversion},
  author    = {Claerbout, J.F.},
  isbn      = {9780865422100},
  series    = {Blackwell scientific publications},
  url       = {https://books.google.com/books?id=ws1qQgAACAAJ},
  year      = {1992},
  publisher = {Blackwell Scientific Publications}
}


#Intro. of RGT
@article{Stark2004,
  author    = {Tracy J. Stark},
  title     = {Relative geologic time (age) volumes-{R}elating every seismic 
               sample to a geologically reasonable horizon},
  journal   = {The Leading Edge},
  volume    = {23},
  number    = {9},
  pages     = {928-932},
  year      = {2004},
  doi       = {10.1190/1.1803505},
}

@inproceedings{Stark2003,
  author    = {Tracy J. Stark},
  title     = {Unwrapping instantaneous phase to generate a relative geologic 
               time volume},
  publisher = {Society of Exploration Geophyicists},
  booktitle = {73rd Annual International Meeting, SEG, Expanded Abstracts},
  pages     = {1707-1710},  
  year      = {2003},
  doi       = {10.1190/1.1844072},
}


@inproceedings{Stark2005,
  author    = {Tracy J. Stark},
  title     = {Generation of a 3{D} seismic "{W}heeler {D}iagram" from a high 
               resolution {A}ge {V}olume},
  publisher = {Society of Exploration Geophyicists},
  booktitle = {75th Annual International Meeting, SEG, Expanded Abstracts},
  chapter   = {},
  pages     = {782-785},
  year      = {2005},
  doi       = {10.1190/1.2148275},
}

@article{Wu2012,
  author    = {Xinming Wu and 
               Guangfa Zhong},
  title     = {Generating a relative geologic time volume by 3{D} graph-cut 
               phase unwrapping method with horizon and unconformity constraints},
  journal   = {Geophysics},
  volume    = {77},
  number    = {4},
  issue     = {4},
  pages     = {O21-O34},
  year      = {2012},
  doi       = {10.1190/geo2011-0351.1}
}

@inproceedings{Bader2018,
  author    = {Sean Bader and 
               Kyle Spikes and 
               Sergey Fomel},
  title     = {Missing well-log data prediction using {B}ayesian approach in the 
               relative-geologic time domain},
  booktitle = {SEG Technical Program Expanded Abstracts 2018},
  chapter   = {},
  pages     = {804-808},
  year      = {2018},
  doi   = {10.1190/segam2018-2997278.1}
}

@article{Wu2015,
  author    = {Xinming Wu and 
               Dave Hale},
  title     = {Horizon volumes with interpreted constraints},
  journal   = {Geophysics},
  volume    = {80},
  number    = {2},
  issue     = {2},
  pages     = {IM21-IM33},
  year      = {2015},
  doi       = {10.1190/geo2014-0212.1}
}



@inproceedings{Burnett2009,
  author    = {William Burnett and 
               Sergey Fomel},
  title     = {Moveout analysis by time‚Äêwarping},
  booktitle = {SEG Technical Program Expanded Abstracts 2009},
  chapter   = {},
  pages     = {3710-3714},
  year      = {2009},
  doi       = {10.1190/1.3255639}
}



# different Xlets
@article{Do2005, 
  author    = {M. N. Do and 
               M. Vetterli}, 
  journal   = {IEEE Transactions on Image Processing}, 
  title     = {The contourlet transform: an efficient directional 
               multiresolution image representation}, 
  year      = {2005}, 
  volume    = {14}, 
  number    = {12}, 
  pages     = {2091-2106}, 
  doi       = {10.1109/TIP.2005.859376}, 
  ISSN      = {1057-7149}, 
  month     = {Dec}
}

@article{Starck2002, 
  author    = {J. L. Starck and 
               E. J. Candes and 
               D. L. Donoho}, 
  journal   = {IEEE Transactions on Image Processing}, 
  title     = {The curvelet transform for image denoising}, 
  year      = {2002}, 
  volume    = {11}, 
  number    = {6}, 
  pages     = {670-684}, 
  doi       = {10.1109/TIP.2002.1014998}, 
  ISSN      = {1057-7149}, 
  month     = {Jun}
}

@article{Ma2010,
  author    = {J. Ma and 
               G. Plonka},
  journal   = {IEEE Signal Processing Magazine},
  title     = {The Curvelet Transform},
  year      = {2010},
  volume    = {27},
  number    = {2},
  pages     = {118-133},
  doi       = {10.1109/MSP.2009.935453},
  ISSN      = {1053-5888},
  month     = {March}
}

@article{Velisavljevic2006, 
  author    = {V. Velisavljevic and 
               B. Beferull-Lozano and 
               M. Vetterli and 
               P. L. Dragotti}, 
  journal   = {IEEE Transactions on Image Processing}, 
  title     = {Directionlets: anisotropic multidirectional representation with 
               separable filtering}, 
  year      = {2006}, 
  volume    = {15}, 
  number    = {7}, 
  pages     = {1916-1933}, 
  doi       = {10.1109/TIP.2006.877076}, 
  ISSN      = {1057-7149}, 
  month     = {July}
}

@article{Cohen1992,
  author    = {Cohen, A. and 
               Daubechies, Ingrid and 
               Feauveau, J. C.},
  title     = {Biorthogonal bases of compactly supported wavelets},
  journal   = {Communications on Pure and Applied Mathematics},
  volume    = {45},
  number    = {5},
  publisher = {Wiley Subscription Services, Inc., A Wiley Company},
  doi       = {10.1002/cpa.3160450502},
  pages     = {485--560},
  year      = {1992},
}

@article{Demetrio2005,
  author    = {Demetrio Labate,
               Wang-Q. Lim,
               Gitta Kutyniok,
               Guido Weiss},
  title     = {Sparse multidimensional representation using shearlets},
  journal   = {Proceedings of SPIE},
  volume    = {5914},
  pages     = {5914 - 5914 - 9},
  year      = {2005},
  doi       = {10.1117/12.613494},
}

@article{LePennec2005,
  author    = {Le Pennec, E. and 
               Mallat, S.},
  title     = {Sparse Geometric Image Representations with Bandelets},
  journal   = {IEEE Transactions on Image Processing},
  volume    = {14},
  number    = {4},
  year      = {2005},
  issn      = {1057-7149},
  pages     = {423--438},
  publisher = {IEEE Press},
  address   = {Piscataway, NJ, USA}
}

@article{Hennen2006, 
  author    = {G. Hennenfent and 
               F. J. Herrmann}, 
  journal   = {Computing in Science Engineering}, 
  title     = {Seismic denoising with nonuniformly sampled curvelets}, 
  year      = {2006}, 
  volume    = {8}, 
  number    = {3}, 
  pages     = {16-25}, 
  ISSN      = {1521-9615}, 
  month     = {May},
}

@article{Li2013,
  title     = {Contourlet based seismic reflection data non-local noise suppression},
  journal   = {Journal of Applied Geophysics},
  volume    = {95},
  pages     = {16 - 22},
  year      = {2013},
  issn      = {0926-9851},
  author    = {Qiang Li and 
               Jinghuai Gao},
}

@inproceedings{Li2008, 
  author    = {K. Li and 
               J. Gao and 
               W. Wang and 
               Y. Yang}, 
  booktitle = {2008 International Workshop on Education Technology and Training 
               2008 International Workshop on Geoscience and Remote Sensing}, 
  title     = {Local Angle Extraction and Noise Attenuation for Seismic Image 
               Using Contourlet Transform}, 
  year      = {2008}, 
  volume    = {1}, 
  number    = {}, 
  pages     = {349-352}, 
  month     = {Dec},
}

# Sigmoid model
@book{Claerbout2000,
  author    = {J[on] F[] Claerbout},
  title     = {Basic {Earth} Imaging},
  publisher = {Stanford Exploration Project, \texttt{http://sepwww.stanford.edu/sep/prof/bei/toc\_html}},
  year      = {2000}
}


# predictive painting
@article{Fomel2010b,
  author    = {Sergey Fomel},
  title     = {Predictive painting of 3{D} seismic volumes},
  journal   = {Geophysics},
  volume    = {75},
  number    = {4},
  issue     = {4},
  pages     = {A25-A30},
  year      = {2010},
  doi       = {10.1190/1.3453847},
}

# Madagascar
@article{Fomel2013,
  title     = {Madagascar: {O}pen-source software project for multidimensional 
               data analysis and reproducible computational experiments},
  author    = {Fomel, Sergey and 
               Sava, Paul and 
               Vlad, Ioan and 
               Liu, Yang and 
               Bashkardin, Vladimir},
  journal   = {Journal of Open Research Software},
  volume    = {1},
  number    = {1},
  year      = {2013},
  publisher = {Ubiquity Press}
}
