@Article{yangkang20142,
  author={Yangkang Chen and Sergey Fomel and Jingwei Hu},
  title ={Iterative deblending of simultaneous-source seismic data using seislet-domain shaping regularization},
  journal={Geophysics},
  year=2014,
  volume=79,
  issue=5,
  pages={V179-V189},
}


@article{ott1972kalman,
  title={The {K}alman filter as a prediction error filter},
  author={Ott, Nikolaus and Meder, HG},
  journal={Geophysical Prospecting},
  volume={20},
  number={3},
  issue=3,
  pages={549--560},
  year={1972},
  publisher={European Association of Geoscientists \& Engineers}
}


@article{peacock1969predictive,
  title={Predictive deconvolution: Theory and practice},
  author={Peacock, KL and Treitel, Sven},
  journal={Geophysics},
  volume={34},
  number={2},
  issue=2,
  pages={155--169},
  year={1969},
  publisher={Society of Exploration Geophysicists}
}

@article{kumaresan1983zeros,
  title={On the zeros of the linear prediction-error filter for deterministic signals},
  author={Kumaresan, Ramdas},
  journal={IEEE Transactions on Acoustics, Speech, and Signal Processing},
  volume={31},
  number={1},
  pages={217--220},
  year={1983},
  publisher={IEEE}
}
@book{crawley2000seismic,
  title={Seismic trace interpolation with nonstationary prediction-error filters},
  author={Crawley, Sean},
  year={2000},
  publisher={Ph.D. thesis, Stanford University}
}

@article{wang2009interferometric,
  title={Interferometric interpolation of missing seismic data},
  author={Wang, Yibo and Luo, Yi and Schuster, Gerard T},
  journal={Geophysics},
  volume={74},
  number={3},
  pages={SI37--SI45},
  year={2009},
  publisher={Society of Exploration Geophysicists}
}

@Article{fomel2002pwd,
  author={Sergey Fomel},
  title={Application of plane-wave destruction filters},
  journal={Geophysics},
  year=2002,
  Volume=67,
  number=6,
  issue=6,
  pages={1946-1960},
}

@incollection{herrmann2000aliased,
  title={De-aliased, high-resolution Radon transforms},
  author={Herrmann, Philippe and Mojesky, Todd and Magesan, Mag and Hugonnet, Pierre},
  booktitle={SEG Technical Program Expanded Abstracts 2000},
  pages={1953--1956},
  year={2000},
  publisher={Society of Exploration Geophysicists}
}

@incollection{cary2011aliasing,
  title={Aliasing and 5D interpolation with the MWNI algorithm},
  author={Cary, Peter W},
  booktitle={SEG Technical Program Expanded Abstracts 2011},
  pages={3080--3084},
  year={2011},
  publisher={Society of Exploration Geophysicists}
}

@incollection{chiu20135d,
  title={5D anti-aliasing interpolation: Application on an unconventional shale play},
  author={Chiu, Stephen K and Davidson, Michael and Yan, Yan and Howell, Jack},
  booktitle={SEG Technical Program Expanded Abstracts 2013},
  pages={3608--3612},
  year={2013},
  publisher={Society of Exploration Geophysicists}
}


@Article{guochang2012,
  author={Guochang Liu and Xiaohong Chen and Jing Du and Kailong Wu},
  title ={Random noise attenuation using \emph{f-x} regularized nonstationary autoregression},
  journal={Geophysics},
  volume=77,
  year=2012,
  issue=2,
  number=2,
  pages={V61-V69},
}

@Article{zhangdong2017,
  author={Dong Zhang and Yatong Zhou and Hanming Chen and Wei Chen and Shaohuan Zu and  and Yangkang Chen},
  title = {Hybrid rank-sparsity constraint model for simultaneous reconstruction and denoising of 3{D} seismic data},
  journal={Geophysics},
  year=2017,
  volume=82,
  number=5,
  issue=5,
  pages={V351-V367},
}

@Article{mostafa2010,
  author={M[] Naghizadeh and Mauricio D[] Sacchi},
  title={Beyond alias hierarchical scale curvelet interpolation of regularly and irregularly sampled seismic data},
  journal={Geophysics},
  year=2010,
  volume=75,
  number=6,
  issue=6,
  pages={WB189–WB202},
}


@Article{fomel2006pwc,
  author={Sergey Fomel and Antoine Guitton},
  title={Regularizing seismic inverse problems by model reparameterization using plane-wave construction},
  journal={Geophysics},
  year=2006,
  volume=71,
  issue=5,
  number=5,
  pages={A43-A47},
}

@Article{fomel20132,
  author = 	 {S[] Fomel},
  title = 	 {Seismic data decomposition into spectral components using regularized nonstationary autoregression},
  journal = 	 {Geophysics},
  year = 	 2013,
  volume =	 78,
  number=6,
  issue=6,
  pages =	 {O69-O76},
}

@Article{hestenes1952,
  author = 	 {M[] R[] Hestenes and E[] Stiefel},
  title  = 	 {Methods of conjugate gradients for solving linear systems},
  journal= 	 {Journal of Research of the National Bureau of Standards},
  volume =	 {49},
  year   = 	 1952,
  number=6,
  issue=6,
  pages ={409-436}
}

@Article{mostafa2013,
  author={M[] Naghizadeh and Mauricio D[] Sacchi},
  title={Multidimensional de-aliased {C}adzow reconstruction of seismic records},
  journal={Geophysics},
  year=2010,
  volume=75,
  number=1,
  issue=1,
  pages={A1-A5},
}

@Article{mostafa2012,
  author={M[] Naghizadeh and Mauricio D[] Sacchi},
  title={Multicomponent seismic random noise attenuation via vector autoregressive operators},
  journal={Geophysics},
  year=2012,
  volume=77,
  number=2,
  issue=2,
  pages={V91–V99},
}

@Article{mostafa2011,
  author={M[] Naghizadeh and Mauricio D[] Sacchi},
  title={Seismic data interpolation and denoising in the frequency-wavenumber domain},
  journal={Geophysics},
  year=2011,
  volume=76,
  number=2,
  issue=2,
  pages={V71–V80},
}


@Article{shaohuan2016gap,
  author={Shaohuan Zu and Hui Zhou and Yangkang Chen and Xiao Pan and Shuwei Gan and Dong Zhang},
  title = {Interpolating Big Gaps Using Inversion With Slope Constraint},
  journal={IEEE Geoscience and Remote Sensing Letters},
  year=2016,
  volume=13,
  issue=9,
  pages={1369-1373},
}

@Article{yangkang2019sg,
  author={Yangkang Chen and Xiaohong Chen and Yufeng Wang and Shaohuan Zu},
  title = {The interpolation of sparse geophysical data},
  journal={Surveys in Geophysics},
  year=2019,
  volume=40,
  number=1,
  issue=1,
  pages={73-105},
  doi={10.1007/s10712-018-9501-3},
}



@article{porsani1999seismic,
  title={Seismic trace interpolation using half-step prediction filters},
  author={Porsani, Milton J},
  journal={Geophysics},
  volume={64},
  number={5},
  issue=5,
  pages={1461--1467},
  year={1999},
  publisher={Society of Exploration Geophysicists}
}

@Article{fomel2007shape,
  author={Sergey Fomel},
  title={Shaping regularization in geophysical-estimation problems},
  journal={Geophysics},
  year=2007,
  Volume=72,
  issue=2,
  number=2,
  pages={R29-R36},
}


@article{curry2006interpolating,
  title={Interpolating diffracted multiples with prediction-error filters},
  author={Curry, William},
  journal={76th Annual International Meeting, SEG, Expanded Abstracts},
  pages={2709--2713},
  year={2006},
  publisher={Society of Exploration Geophysicists}
}


@article{abma1995,
  author =	 {R[] Abma and J[] Claerbout},
  title =	 {Lateral prediction for noise attenuation by $t-x$ and $f-x$ techniques},
  year =	 1995,
  journal =	 {Geophysics},
  volume =	 60,
  issue=6,
  number=6,
  pages =	 {1887-1896},
}
@Article{yangkang20141,
  author={Yangkang Chen and Jitao Ma},
  title ={Random noise attenuation by $f-x$ empirical mode decomposition predictive filtering},
  journal={Geophysics},
  year=2014,
  Volume=79,
  issue=3,
  number=3,
  pages={V81-V91},
}

@article{kumar2017beating,
  title={Beating level-set methods for 5-d seismic data interpolation: A primal-dual alternating approach},
  author={Kumar, Rajiv and L{\'o}pez, Oscar and Davis, Damek and Aravkin, Aleksandr Y and Herrmann, Felix J},
  journal={IEEE Transactions on Computational Imaging},
  volume={3},
  number={2},
  issue=2,
  pages={264--274},
  year={2017},
  publisher={IEEE}
}

@Article{kreimer2012,
  author={N[] Kreimer and M[] Sacchi},
  title={A tensor higher-order singular value decomposition for prestack seismic data noise reduction and interpolation},
  journal={Geophysics},
  year=2012,
  Volume=77,
  issue=3,
  pages={V113-V122},
}
@Article{kreimer2013,
  author={N[] Kreimer and A[] Stanton and M[] Sacchi},
  title={Tensor completion based on nuclear norm minimization for 5{D} seismic data reconstruction},
  journal={Geophysics},
  year=2013,
  Volume=78,
  issue=6,
  pages={V273-V284},
}

@Article{yangkang2020odrr,
  author={Yangkang Chen and Min Bai and Zhe Guan and Qingchen Zhang and Mi Zhang and Hang Wang},
  title = {Five-dimensional seismic data reconstruction using the optimally damped rank-reduction method},
  journal={Geophysical Journal International},
  year=2020,
  volume=222,
  issue=1,
  number=1,
  pages={1824-1845},
  doi={10.1093/gji/ggaa190},
}

@article{jianjun2015,
  author =	 {Jianjun Gao and Aaron Stanton and Mauricio Sacchi},
  title =	 {Parallel matrix factorization algorithm and its application to 5{D} seismic reconstruction and denoising},
  journal = 	 {Geophysics},
  year = 	 2015,
  volume =	 80,
    issue=6,
  pages =	 {V173-V187},
}

@Article{jianjun2013,
  author={Jianjun Gao and Mauricio D[] Sacchi and Xiaohong Chen},
  title = {A fast reduced-rank interpolation method for prestack seismic volumes that depend on four spatial dimensions},
  journal={Geophysics},
  year=2013,
  volume=78,
    issue=1,
  pages={V21-V30},
}

@Article{guochang2012,
  author={Guochang Liu and Xiaohong Chen and Jing Du and Kailong Wu},
  title ={Random noise attenuation using \emph{f-x} regularized nonstationary autoregression},
  journal={Geophysics},
  volume=77,
  year=2012,
  issue=2,
  number=2,
  pages={V61-V69},
}


@Article{weilin2016dmssa,
  author={Weilin Huang and Runqiu Wang and  Yangkang Chen and Huijian Li and Shuwei Gan},
  title = {Damped Multichannel Singular Spectrum Analysis for 3{D} Random Noise Attenuation },
  journal={Geophysics},
  year=2016,
  volume=81,
  issue=4,
  number=4,
  pages={V261-V270},
}


@Article{trad2009,
  author={D[] Trad},
  title={Five-dimensional interpolation: Recovering from acquisition constraints},
  journal={Geophysics},
  year=2009,
  Volume=74,
  issue=6,
  pages={V123-V132},
}

@Article{yangkang2016irr5d,
  author={Yangkang Chen and Dong Zhang and Zhaoyu Jin and Xiaohong Chen and Shaohuan Zu and Weilin Huang and Shuwei Gan},
  title = {Simultaneous denoising and reconstruction of 5{D} seismic data via damped rank-reduction method},
  journal={Geophysical Journal International},
  year=2016,
  volume=206,
  issue=3,
  pages={1695-1717},
}

@book{claerbout1992pvi,
   author = {J[on] F[] Claerbout},
   publisher = {Blackwell Scientific Publications},
   title = {Earth soundings analysis: processing versus inversion},
   year = {1992}
}


@Article{canales1984,
  author = 	 {L[] Canales},
  title = 	 {Random noise reduction},
  journal = 	 {54th Annual International Meeting, SEG, Expanded Abstracts},
  year = 	 1984,
  pages =	 {525-527}
}


@Article{spitz1991,
  author={S[] Spitz},
  title={Seismic trace interpolation in the $f-x$ domain},
  journal={Geophysics},
  year=1991,
  volume=56,
  number=6,
  issue=6,
  pages={785-794},
}

@Article{wanghang2020tgrs3,
  author={Hang Wang and Wei Chen and Quan Zhang and Xingye Liu and Shaohuan Zu and Yangkang Chen},
  title = {Fast dictionary learning for high-dimensional seismic reconstruction},
  journal={IEEE Transactions on Geoscience and Remote Sensing},
  year=2020,
  volume=,
  issue=,
  number=,
  pages={doi: 10.1109/TGRS.2020.3030740},
  doi={10.1109/TGRS.2020.3030740},
}


@Article{oboue2021geo2,
  author={Yapo Abol\'{e} Serge Innocent Obou\'{e} and Yangkang Chen}, 
  title = {Enhanced low-rank matrix estimation for simultaneous denoising and reconstruction of five-dimensional seismic data},
  journal={Geophysics},
  year=2021,
  volume=86,
  pages={doi: 10.1190/geo2020-0773.1},
  doi={10.1190/geo2020-0773.1},
}

@Article{oboue2021geo1,
  author={Yapo Abol\'{e} Serge Innocent Obou\'{e} and Wei Chen and Hang Wang and Yangkang Chen}, 
  title = {Robust damped rank-reduction method for simultaneous denoising and reconstruction of 5-D seismic data},
  journal={Geophysics},
  year=2021,
  volume=86,
  issue=1,
  number=1,
  pages={V71–V89},
  doi={10.1190/geo2020-0032.1},
}

@Article{wanghang2021geo,
  author={Hang Wang and Wei Chen and Weilin Huang and Shaohuan Zu and Xingye Liu and Liuqing Yang and Yangkang Chen},
  title = {Non-stationary predictive filtering for seismic random noise suppression - A tutorial},
  journal={Geophysics},
  year=2021,
  pages={doi: 10.1190/geo2020-0368.1},
  doi={10.1190/geo2020-0368.1},
}

@Article{wanghang2021tgrs3,
  author={Hang Wang and Wei Chen and Quan Zhang and Xingye Liu and Shaohuan Zu and Yangkang Chen},
  title = {Fast dictionary learning for high-dimensional seismic reconstruction},
  journal={IEEE Transactions on Geoscience and Remote Sensing},
  year=2021,
  pages={doi: 10.1109/TGRS.2020.3030740},
  doi={10.1109/TGRS.2020.3030740},
}

@Article{wujuan2020,
  author={Juan Wu and Min Bai and Dong Zhang and Hang Wang and Guangtan Huang and Yangkang Chen},
  title = {Fast and robust low-rank approximation for high-dimensional seismic data reconstruction},
  journal={IEEE Access},
  year=2020,
  volume=8,
  issue=9,
  number=9,
  pages={175501 - 175512},
  doi={10.1109/ACCESS.2020.3026020},
}

@article{sacchi2009adaptive,
  title={Adaptive linear prediction filtering for random noise attenuation},
  author={Sacchi, Mauricio D and Naghizadeh, Mostafa},
  journal={79th Annual International Meeting, SEG, Expanded Abstracts},
  pages={3347--3351},
  year={2009},
  publisher={Society of Exploration Geophysicists}
}


@article{haleseamless,
  title={Seamless local prediction filtering},
  author={Hale, Dave},
  journal={CWP report 545},
  pages={1-8},
  year={2006}
}


@Article{liuyang2011rna,
  author = 	 {Y[] Liu and Sergey Fomel},
  title = 	 {Seismic data interpolation beyond aliasing using regularized nonstationary autoregression},
  journal = 	 {Geophysics},
  year = 	 2011,
  volume =	 76,
  issue=5,
  number=5,
  pages =	 {V69-V77},
}





