@Article{yangkang20142,
  author={Yangkang Chen and Sergey Fomel and Jingwei Hu},
  title ={Iterative deblending of simultaneous-source seismic data using seislet-domain shaping regularization},
  journal={Geophysics},
  year=2014,
  volume=79,
  issue=5,
  pages={V179-V189},
}
@Article{amir2017,
  author={M[] A[] N[] Siahsar and V[] Abolghasemi  and Yangkang Chen},
  title = {Simultaneous denoising and interpolation of 2{D} seismic data using data-driven non-negative dictionary learning},
  journal={Signal Processing},
  year=2017,
  volume=141,
  pages={309-321},
}

@article{liu2020deep,
  title={Deep convolutional neural network and sparse least-squares migration},
  author={Liu, Zhaolun and Chen, Yuqing and Schuster, Gerard},
  journal={Geophysics},
  volume={85},
  number={4},
  pages={WA241--WA253},
  year={2020},
  publisher={Society of Exploration Geophysicists}
}


@Article{guoyin2018,
  author={Guoyin Zhang and Zhizhang Wang and Yangkang Chen},
  title = {Deep learning for Seismic Lithology Prediction},
  journal={Geophysical Journal International},
  year=2018,
  volume=215,
  pages={1368–1387},
  doi={10.1093/gji/ggy344},
}

@Article{yangkang2019srl,
  author={Yangkang Chen and Mi Zhang and Min Bai and Wei Chen},
  title = {Improving the signal-to-noise ratio of seismological datasets by unsupervised machine learning},
  journal={Seismological Research Letters},
  year=2019,
  volume=90,
  number=4,
  issue=4,
  pages={1552-1564},
  doi={10.1785/0220190028},
}

@Article{yatong2021,
  author={Yatong Zhou and Jian Yang and Hang Wang and Guangtan and Yangkang Chen},
  title = {Statistics-guided dictionary learning for automatic coherent noise suppression},
  journal={IEEE Transactions on Geoscience and Remote Sensing},
  year=2021,
  pages={doi: 10.1109/TGRS.2020.3039738},
  doi={10.1109/TGRS.2020.3039738}
}


@Article{Yaru2014Radon,
	author={Yaru Xue and Jitao Ma and Xiaohong Chen},
	title ={High-order sparse {R}adon transform for {AVO}-preserving data reconstruction},
	journal={Geophysics},
	year=2014,
	volume=79,
	issue=2,
	pages={V13-V22},
}

@Article{Benfeng2014POCS,
	author={Benfeng Wang and Rushan Wu and Yu Geng and Xiaohong Chen},
	title ={Dreamlet-based interpolation using {POCS} method},
	journal={Journal of Applied Geophysics},
	year=2014,
	volume=109,
	pages={256-265},
}

@Article{Min2019Gaussian,
	author={Min Bai and Juan Wu and Hua Zhang and Mi Zhang and Yangkang Chen},
	title ={Gaussian beam reconstruction of seismic data},
	journal={Geophysics},
	year=2019,
	volume=84,
	issue=5,
	pages={S373-S387},
}

@Article{Yangkang2016drr,
	author={Yangkang Chen and Dong Zhang and Zhaoyu Jin and Xiaohong Chen and Shaohuan Zu and Weilin Huang and Shuwei Gan},
	title ={Simultaneous denoising and reconstruction of 5-{D} seismic data via damped rank-reduction method},
	journal={Geophysical Journal International},
	year=2016,
	volume=206,
	pages={1695-1717},
}

@Article{Yangkang2019orr,
	author={Yangkang Chen and Min Bai and Zhe Guan and Qingchen Zhang and Mi Zhang and Hang Wang},
	title ={Five-dimensional seismic data reconstruction using the optimally damped rank-reduction method},
	journal={Geophysical Journal International},
	year=2020,
	volume=222,
	pages={1824–1845},
}


@Article{Spitz1991fx,
	author={S. Spitz},
	title ={Seismic trace interpolation in the F-X domain},
	journal={Geophysics},
	year=1991,
	volume=56,
	issue=6,
	pages={785-794},
}

@Article{Chao2018Adap,
	author={Chao Li and Guochang Liu and Zhenjiang Hao and Shaohuan Zu and Fang Mi and Xiaohong Chen},
	title ={Multidimensional Seismic Data Reconstruction Using Frequency-Domain Adaptive Prediction-Error Filter},
	journal={IEEE Transactions on Geoscience and Remote Sensing},
	year=2018,
	volume=56,
	issue=4,
	pages={2328-2336},
}
@Article{Guochang2019Multi,
	author={Guochang Liu and Chao Li and Zhifeng Guo and Ying Rao},
	title ={Irregularly Sampled Seismic Data Reconstruction Using Multiscale Multidirectional Adaptive Prediction-Error Filter},
	journal={IEEE Transactions on Geoscience and Remote },
	year=2019,
	volume=57,
	issue=5,
	pages={2909-2919},
}

@article{yangkang2016double,
	author = {Yangkang Chen and Jianwei Ma and Sergey Fomel},
	title = {Double-sparsity dictionary for seismic noise attenuation},
	journal = {Geophysics},
	volume = {81},
	number = {2},
	pages = {V103-V116},
	year = {2016},
}

@Article{amir2017geo,
  author={M[] A[] N[] Siahsar and S[] Gholtashi and A[] R[] Kahoo and W[] Chen and Y[] Chen},
  title = {Data-driven multi-task sparse dictionary learning for noise attenuation of 3{D} seismic data},
  journal={Geophysics},
  year=2017,
  volume=82,
  number=6,
  issue=6,
  pages={V385-V396},
}

@article{yangkang2017fast,
	author = {Chen, Yangkang},
	title = "{Fast dictionary learning for noise attenuation of multidimensional seismic data}",
	journal = {Geophysical Journal International},
	volume = {222},
	number = {3},
	pages = {1717–1727},
	year = {2020},
}

@article{yangkang2019sparse,
	author = {Chen, Yangkang and Zu, Shaohuan and Chen, Wei and Zhang, Mi and Guan, Zhe},
	title = "{Learning the blending spikes using sparse dictionaries}",
	journal = {Geophysical Journal International},
	volume = {222},
	number = {3},
	pages = {1846–1863},
	year = {2020},
}



@article{Stephen1999plot,
	author = {Stephen Hill and Michael Shultz and Joel Brewer},
	title = {Acquisition footprint and fold‐of‐stack plots},
	journal = {The Leading Edge},
	volume = {18},
	issue = {6},
	pages = {686-695},
	year = {1999},
}

@article{John2001ft,
	author = {John E. G. Savage and John C. Mathewson},
	title = {Prediction of 3-D seismic footprint from existing 2-D data},
	journal = {The Leading Edge},
	volume = {20},
	issue = {5},
	pages = {464-473},
	year = {2001},
}

@article{Jingye2008tow,
	author = {Jingye Li and Jianjun Gao and Xiaohong Chen and Jian Ma},
	title = {The footprint simulation and analysis for offshore seismic tow‐cable acquisition},
	journal = {78th Annual International Meeting, SEG, Expanded Abstracts},
	pages = {120-124},
	year = {2008},
}

@article{Marfurt1998ft,

	author = {Marfurt, Kurt J. and Scheet, Ronald M. and Sharp, John A. and Harper, Mark G.},

	title = "{Suppression of the acquisition footprint for seismic sequence attribute mapping}",

	journal = {Geophysics},

	volume = {63},

	issue = {3},

	pages = {1024-1035},

	year = {1998},

}


@article{Schuster2001ft,

	author = {Schuster, Gerard T. and Liu, Zhaojun},

	title = "{Seismic array theorem and rapid calculation of acquisition footprint noise}",

	journal = {Geophysics},

	volume = {66},

	issue = {6},

	pages = {1843-1849},

	year = {2001},

}


@article{Joanna2008num,
	author = {Joanna K. Cooper and Gary F. Margrave and Don C. Lawton},
	title = {Numerical modeling of seismic acquisition footprint},
	journal = {78th Annual International Meeting, SEG, Expanded Abstracts},
	pages = {25-29},
	year = {2008},
}

@article{Brown2010obc,
	
	author = {Brown, R. James},
	
	title = "{Acquisition footprints and seafloor coupling in multicomponent OBC seismic data}",
	
	journal = {Geophysics},
	
	volume = {75},
	
	issue = {1},
	
	pages = {Q11-Q20},
	
	year = {2010},
	
}


@article{Bannagi2005svd,
	author = {M. S. Al‐Bannagi and K. Fang and P. G. Kelamis and G. S. Douglass},
	title = {Acquisition footprint suppression via the truncated SVD technique},
	journal = {75th Annual International Meeting, SEG, Expanded Abstracts},
	pages = {1957-1960},
	year = {2005},
}

@article{Milos2007wt,
	author = {Milos Cvetkovic and Scott Falconer and Kurt J. Marfurt and Sergio Chávez‐Pérez},
	title = {2D stationary‐wavelet transform‐based acquisition footprint suppression},
	journal = {77th Annual International Meeting, SEG, Expanded Abstracts},
	pages = {2590-2594},
	year = {2007},
}


@article{Xiongwen2009coordinate,
	author = {Xiongwen Wang and Huazhong Wang and Jiexiong Cai},
	title = {Reducing the acquisition footprint using coordinate transformation},
	journal = {79th Annual International Meeting, SEG, Expanded Abstracts},
	pages = {3015-3019},
	year = {2009},
}

@inbook{Mark2011rot,
	author = {Mark Ng and Ye Zheng},
	title = {Multi‐orientation footprint attenuation using co‐ordinate rotations on 3D data},
	journal = {81st Annual International Meeting, SEG, Expanded Abstracts},
	pages = {3678-3682},
	year = {2011},
}

@article{Oswaldo2012ft,
	author = {Oswaldo Davogustto and Kurt J. Marfurt},
	title = {Removing acquisition footprint from legacy data volumes},
	journal = {82nd Annual International Meeting, SEG, Expanded Abstracts},
	pages = {1025-1029},
	year = {2012},
}

@article{Zou2015towed,
	author = {Zou Zhen and Cao Sheng and Zhang Libin and He Weisheng and Ling Yun},
	title = {Acquisition footprint suppression of towed streamer 4D seismic data},
	journal = {85th Annual International Meeting, SEG, Expanded Abstracts},
	pages = {5523-5528},
	year = {2015},
}

@article{Tengfei2015sof,
	author = {Tengfei Lin and Lanbin Li and Marcus P Cahoj and Fangyu Li and Oluwatobi G Olorunsola and Kurt J Marfurt and Kevin L Deal},
	title = {Footprint suppression using edge preserved structure-oriented filtering based on the statistical significance of coherence},
	journal = {85th Annual International Meeting, SEG, Expanded Abstracts},
	pages = {4688-4692},
	year = {2015},
}

@article{Lei2016morphological,
	author = {Lei Gao and Wang Xiaokai and Wenchao Chen and Wang Chao},
	title = {A local morphological-component analysis-based acquisition footprint suppression method},
	journal = {86th Annual International Meeting, SEG, Expanded Abstracts},
	pages = {4710-4714},
	year = {2016},
}

@article{Abdulmohsen2016cwt,
	author = {Abdulmohsen Alali and Gabriel Machado and Kurt Marfurt},
	title = {Attribute-assisted footprint suppression using a 2D continuous wavelet transform},
	journal = {86th Annual International Meeting, SEG, Expanded Abstracts},
	pages = {1898-1902},
	year = {2016},
}

@article{Tengfei2016log,
	author = {Tengfei Lin and Kurt Marfurt and Bo Zhang},
	title = {Attribute-assisted footprint suppression with log filter},
	journal = {86th Annual International Meeting, SEG, Expanded Abstracts},
	pages = {4705-4709},
	year = {2016},
}

@article{Muhammad2005tsvd,
	author = {Muhammad S. Al-Bannagi and Ken Fang and Panos G. Kelamis and Greg S. Douglass},
	title = {Acquisition footprint suppression via the truncated SVD technique: Case studies from Saudi Arabia},
	journal = {The Leading Edge},
	volume = {24},
	issue = {8},
	pages = {832-834},
	year = {2005},
}

@article{Scott2008ft,
	author = {Scott Falconer and Kurt J. Marfurt},
	title = {Attribute‐driven footprint suppression},
	journal = {78th Annual International Meeting, SEG, Expanded Abstracts},
	pages = {2667-2671},
	year = {2008},
}

@article{Rui2009bpd,
	author = {Rui Zhang},
	title = {Footprint suppression with basis pursuit denoising},
	journal = {79th Annual International Meeting, SEG, Expanded Abstracts},
	pages = {3361-3366},
	year = {2009},
}

@article{Xuehua2012swt,
	title = {Adaptive acquisition footprint suppression based on a 3D stationary wavelet transform: A case study from China},
	journal = {Journal of Applied Geophysics},
	volume = {77},
	pages = {1-6},
	year = {2012},
	author = {Xuehua Chen and Wei Yang and Zhenhua He and Wenli Zhong},
}

@article{Satinder2013interp,
	author = { Satinder Chopra  and  Kurt J. Marfurt },
	title = {Preconditioning seismic data with 5D interpolation for computing geometric attributes},
	journal = {The Leading Edge},
	volume = {32},
	issue = {12},
	pages = {1456-1460},
	year = {2013},
	
}

@article{Gorszczyk2015curvelet,
	author = {Gorszczyk, A. and Malinowski, M. and Bellefleur, G.},
	title = {Enhancing 3D post-stack seismic data acquired in hardrock environment using 2D curvelet transform},
	journal = {Geophysical Prospecting},
	volume = {63},
	issue = {4},
	pages = {903-918},
	year = {2015}
}

@article{Gomez2019emd,
	
	author = {Gomez, Julián L. and Velis, Danilo R. and Sabbione, Juan I.},
	
	title = "{Noise suppression in 2D and 3D seismic data with data-driven sifting algorithms}",
	
	journal = {Geophysics},
	
	volume = {85},
	
	issue = {1},
	
	pages = {V1-V10},
	
	year = {2019},
	
}


@article{Gomez2020dl,
	author = {Gomez, Julián L. and Velis, Danilo R.},
	title = {Footprint removal from seismic data with residual dictionary learning},
	journal = {Geophysics},
	volume = {85},
	issue = {4},
	pages = {V355-V365},
	year = {2020},
}

@article{Lee2005mig,
	author = {Shu‐Schung Lee and John Willis and Sonny Lin},
	title = {Migration weights for pre‐stack converted wave data to reduce the acquisition footprint},
	journal = {75th Annual International Meeting, SEG, Expanded Abstracts},
	pages = {2041-2044},
	year = {2005},
}


@article{Canning1998ft,

	author = {Canning, Anat and Gardner, Gerald H. F.},

	title = "{Reducing 3-D acquisition footprint for 3-D DMO and 3-D prestack migration}",

	journal = {Geophysics},

	volume = {63},

	issue = {4},

	pages = {1177-1183},

	year = {1998},


}


@article{Gesbert2001ft,
	
	author = {Gesbert, Stéphane},
	
	title = "{From acquisition footprints to true amplitude}",
	
	journal = {Geophysics},
	
	volume = {67},
	
	issue = {3},
	
	pages = {830-839},
	
	year = {2001},
	
}

@article{Feng2018deblurring,
	
	author = {Feng, Zongcai and Guo, Bowen and Schuster, Gerard T.},
	
	title = "{Multiparameter deblurring filter and its application to elastic migration and inversion}",
	
	journal = {Geophysics},
	
	volume = {83},
	
	issue = {5},
	
	pages = {S421-S435},
	
	year = {2018},
	
}


@article{Qi2018fault,
	
	author = {Qi, Jie and Lyu, Bin and AlAli, Abdulmohsen and Machado, Gabriel and Hu, Ying and Marfurt, Kurt},
	
	title = "{Image processing of seismic attributes for automatic fault extraction}",
	
	journal = {Geophysics},
	
	volume = {84},
	
	issue = {1},
	
	pages = {O25-O37},
	
	year = {2018},
	
}
@Article{mostafa2017geo,
  author={S[] Mostafa Mousavi and Charles A[] Langston},
  title={Automatic noise-removal/signal-removal based on general cross-validation thresholding in synchrosqueezed domain and its application on earthquake data},
  journal={Geophysics},
  year=2017,
  volume=82,
  number=4,
  issue=4,
  pages={V211-V227},
}

@Article{yangkang2020sgk,
  author={Yangkang Chen},
  title = {Fast dictionary learning for noise attenuation of multidimensional seismic data},
  journal={Geophysical Journal International},
  year=2020,
  volume=222,
  issue=1,
  pages={1717-1727},
  doi={10.1093/gji/ggaa184},
}

@Article{yangkang2015ortho,
  author={Yangkang Chen and Sergey Fomel},
  title = {Random noise attenuation using local signal-and-noise orthogonalization},
  journal={Geophysics},
  volume=80,
  year=2015,
  issue=6,
  number=6,
  pages={W{D}1-W{D}9},
}



@Article{yangkang2018gji,
  author={Yangkang Chen},
  title = {Fast waveform detection for microseismic imaging using unsupervised machine learning},
  journal={Geophysical Journal International},
  year=2018,
  volume=215,
  pages={1185-1199},
  doi={10.1093/gji/ggy501},
}








